2232 3590
245 2584 294 2624 In
349 2586 490 2638 Regno

192 2649 368 2702 Bugensi
418 2648 491 2690 flo-

191 2720 252 2755 ret
272 2713 441 2770 religi03

540 203 659 264 184
1192 233 1433 273 ΕΡΙΤΟΜΕ

534 326 732 385 Peruae
764 341 964 410 caput,
997 354 1144 392 anno
1176 348 1444 415 sequente
1473 339 1706 417 ingressi
1737 352 1901 413 sunt3
1948 326 2110 421 quin-

533 447 648 504 que
677 450 742 488 ac
771 434 997 511 triginta
1032 448 1160 514 post
1194 442 1390 515 annis,
1426 462 1596 519 quam
1628 445 1689 500 ea
1721 445 1911 502 civitas
1940 446 2000 501 in
2029 445 2110 501 di-

532 531 741 590 tionem
782 537 1162 615 Hispanorum
1206 553 1452 601 venerat.
1502 545 1799 623 Templum
1846 548 2110 603 continuo

533 642 590 690 et
647 637 946 716 collegium
1003 641 1273 700 fabricata
1319 655 1479 717 sunt3
1529 647 1659 704 data
1715 647 2106 725 indigenarum

534 737 702 796 saluti
737 761 928 819 opera,
955 764 1058 800 nec
1089 763 1203 800 non
1232 747 1487 804 moribus
1519 748 1946 826 Europaeorum.)
1973 766 2110 826 quo-

534 862 663 898 rum
694 845 884 920 pietati
924 865 1183 922 magnam
1227 847 1529 904 attulerant
1569 849 1757 907 labem
1799 850 2027 907 avaritia
2056 856 2111 906 et

533 940 779 1002 licentia.
807 947 922 1004 Nec
944 948 1147 1006 omissa
1171 950 1581 1026 mancipiorum
1595 951 1924 1029 AEthiopum
1949 970 2106 1022 cura7

531 1064 775 1121 quorum
827 1048 1023 1125 ingens
1066 1071 1336 1109 numerus
1379 1053 1680 1130 quotannis
1717 1073 1785 1109 ex
1826 1052 2010 1109 Africa
2052 1051 2111 1106 in

528 1148 824 1208 Peruviam
862 1152 1214 1230 deportatur.
1262 1154 1337 1210 Ut
1385 1174 1514 1211 vero
1557 1155 1835 1231 indigenae
1895 1153 2113 1210 facilius

528 1252 947 1328 excolerentur,
1004 1255 1220 1314 collecti
1267 1266 1399 1314 sunt
1448 1276 1480 1314 e
1522 1259 1686 1316 variis
1729 1256 2015 1335 oppidulis
2058 1265 2114 1314 et

528 1356 687 1431 pagis
717 1356 775 1412 in
818 1377 993 1414 unum
1035 1379 1210 1437 prope
1241 1358 1458 1416 Limam
1487 1359 1708 1433 locum,
1756 1361 1853 1437 qui
1898 1359 2113 1418 Subur-

528 1454 690 1513 bium
723 1458 781 1514 S.
817 1458 1016 1516 Jacobi
1045 1461 1361 1538 appellatus
1390 1461 1517 1519 fuit.

692 1560 826 1618 Post
873 1561 995 1619 haec
1055 1563 1115 1619 in
1166 1564 1405 1621 Pernam
1457 1565 1778 1622 interiorem
1829 1563 2115 1642 Evangelii

521 1661 697 1739 jubar
725 1662 998 1721 delatum.
1039 1665 1284 1722 Primam
1319 1666 1453 1723 fidei
1486 1665 1672 1723 lucem
1709 1666 1954 1742 suscepit
1982 1665 2114 1722 Pro·
2197 1691 2202 1695 ·

527 1766 709 1822 vincia
760 1766 1067 1839 OarociriS,
1131 1787 1260 1843 quae
1318 1777 1383 1823 ut
1440 1769 1682 1825 maxime
1733 1767 1977 1841 inculta7
2037 1768 2114 1824 ita

527 1868 867 1944 gravissimis
898 1869 1045 1926 vitiis
1075 1868 1430 1927 abundabat.
1466 1871 1611 1928 Nam
1650 1879 1880 1947 propter
1910 1869 2115 1945 asperi-

525 1977 699 2026 tatem
742 1971 985 2046 regionis
1034 1980 1090 2029 et
1131 1973 1328 2029 itinera
1375 1971 1742 2045 difficillima,
1789 1969 2115 2028 Sacerdotes

526 2071 628 2148 qui
667 2073 884 2131 animos
921 2084 1218 2148 curarent,
1265 2094 1381 2132 non
1423 2074 1880 2132 inveniebantur.
1925 2074 2114 2152 Sparsi

525 2195 629 2253 per
659 2186 872 2253 septem
915 2197 980 2234 ac
1022 2178 1306 2254 sexaginta
1350 2196 1525 2255 pagos
1567 2176 1851 2254 degebant
1880 2176 2109 2248 incolae,

527 2277 602 2333 ad
632 2277 827 2353 viginti
859 2278 1053 2336 millia.
1082 2280 1221 2336 Tota
1251 2279 1347 2336 illa
1377 2278 1685 2336 multitudo
1715 2280 1769 2335 in
1804 2289 1929 2337 octo
1952 2299 2112 2356 gran-

528 2377 712 2437 diores
743 2381 973 2439 collecta
1003 2402 1177 2460 pagos
1228 2382 1369 2456 fuit,
1423 2402 1537 2459 quo
1581 2382 1800 2441 facilius
1851 2394 1907 2442 et
1951 2385 2113 2441 citius

527 2481 601 2540 ad
630 2502 823 2540 omnes
854 2483 1107 2541 doctrina
1137 2484 1469 2561 Evangelica
1499 2494 1879 2562 permanaret.

692 2585 781 2642 Sic
809 2587 866 2642 in
899 2595 1062 2642 terra
1090 2587 1318 2643 deserta
1348 2587 1505 2663 prius
1547 2597 1602 2643 et
1637 2590 1929 2662 inaquosa
1959 2606 2112 2644 nunc

525 2708 651 2746 rore
693 2687 903 2746 coelesti
940 2688 1197 2766 perfusa7
1251 2689 1467 2746 radices
1511 2707 1674 2764 agere
1718 2690 1887 2765 coepit
1936 2688 2109 2746 divini

525 2790 685 2850 Verbi
717 2810 940 2861 semen3
977 2790 1133 2867 quod
1172 2790 1390 2848 fructus
1417 2793 1650 2868 jamjam
1693 2800 1942 2849 maturos
1979 2791 2110 2849 effe-

524 2893 688 2952 rebat
723 2894 782 2949 in
818 2893 1086 2971 Japonia,
1134 2894 1442 2970 pracsertim
1487 2895 1543 2949 in
1580 2912 1751 2969 regno
1789 2894 2104 2970 Bungensi,

524 2996 629 3055 ubi
681 2996 1008 3054 confirmata
1057 2995 1199 3053 fides
1249 2995 1357 3053 fuit
1407 3016 1471 3053 ac
1519 3005 1857 3074 propagata,
1903 2996 2107 3072 insigni

525 3100 811 3160 sanatione
839 3119 938 3177 per
979 3099 1326 3177 baptismum
1366 3099 1582 3157 effecta.
1625 3100 1819 3157 Filiam
1851 3100 2105 3177 dynastae

524 3203 888 3280 praepotentis
917 3203 974 3260 in
1005 3201 1215 3280 oppido
1258 3201 1488 3277 Facata,
1515 3202 1699 3261 morbi
1737 3202 1828 3260 vix
1861 3210 2019 3259 atrox
2048 3210 2104 3257 et
