2232 3590
458 279 729 316 ms‘roniffi
771 277 1088 315 socmTArxs
1133 281 1283 319 JESU.
1541 263 1661 320 259

122 385 356 440 vestitus
387 389 726 458 processerat
755 379 811 434 in
851 379 1166 455 publicum.
1215 382 1373 440 Miles
1410 385 1663 445 ethnicus

107 483 325 538 Patrem
369 481 684 552 Societatis,
729 490 825 536 aut
859 481 1147 538 custodem
1180 482 1316 539 aedis
1361 503 1527 542 sacrae
1569 507 1662 544 ar-

107 584 374 655 bitratuS,
429 584 612 659 ipsum
664 581 721 636 in
777 582 1005 656 vestigio
1057 582 1373 639 trucidavit.
1434 585 1662 644 Cladem

103 684 310 740 illatam
367 683 570 760 templo
627 692 815 740 nostro
866 684 1141 760 reparavit
1184 684 1331 755 Rex,
1379 687 1661 762 praecipuo

104 786 336 842 civitatis
362 784 489 840 fano
526 785 584 840 in
619 786 728 841 veri
767 785 865 841 Dei
898 784 1170 862 templum
1204 795 1576 855 commutato,
1606 788 1662 842 in

102 906 214 964 quo
257 887 504 944 doctrina
551 885 859 943 Christiana
911 908 1039 944 cum
1082 887 1483 964 explicaretur,
1519 889 1663 965 jussi

101 998 232 1046 sunt
268 988 530 1045 ordinum
576 987 825 1043 omnium
872 989 1016 1044 cives
1052 990 1344 1060 interesse,
1384 1009 1451 1045 ex
1485 990 1664 1065 iisque

98 1108 212 1145 non
254 1090 414 1166 pauci
447 1090 543 1165 qui
577 1109 608 1144 a
639 1088 858 1145 Christo
896 1087 1245 1161 defecerant,
1279 1090 1348 1146 ad
1374 1111 1501 1148 eum
1534 1100 1664 1148 sunt

99 1191 299 1247 reversi
340 1212 350 1245 :
392 1189 740 1246 ethnicorum
778 1208 908 1245 vero
952 1190 1321 1265 quadraginta
1370 1192 1662 1248 minimum

98 1291 299 1362 millia,
334 1290 440 1346 hoc
469 1300 523 1347 et
555 1291 805 1366 sequenti
841 1308 986 1345 anno
1015 1289 1087 1345 ad
1110 1289 1407 1347 Ecclesiam
1436 1290 1664 1348 fuerunt

98 1401 422 1468 aggregata,
465 1393 630 1449 sacris
674 1390 893 1447 aedibus
940 1390 1154 1466 ubique
1187 1390 1274 1447 vel
1316 1392 1564 1449 excitatis
1594 1391 1664 1448 de

96 1494 340 1569 integrO,
376 1492 461 1549 vel
492 1494 759 1550 restitutis
789 1503 843 1550 et
870 1492 1107 1551 refectis.

262 1596 610 1652 Duodecimo
646 1594 919 1652 Calendas
962 1595 1145 1652 Martii
1175 1604 1416 1671 quatuor
1445 1604 1500 1653 et
1532 1616 1665 1672 qua-

96 1697 349 1773 draginta
389 1695 460 1752 de
502 1696 771 1753 Societate
820 1697 1106 1754 solverunt
1142 1718 1208 1755 ex
1238 1698 1458 1776 Europa
1492 1700 1549 1755 in
1582 1700 1666 1755 In-

98 1800 278 1871 diam,
318 1798 550 1855 ductore
582 1798 646 1853 P.
681 1796 997 1854 Alexandro
1030 1799 1357 1875 ValignanO,
1397 1800 1567 1858 rebus
1606 1801 1665 1857 in

94 1901 331 1978 Japonia
361 1909 416 1957 et
457 1899 615 1955 India
653 1898 884 1956 feliciter
919 1898 1339 1976 prudenterque
1376 1902 1544 1976 gestis
1585 1902 1664 1957 in-

94 2004 263 2081 clytO.
321 2003 639 2078 Composita
691 2002 824 2058 Goae
875 2001 1178 2058 domestica
1236 2000 1563 2078 disciplina,
1609 2010 1665 2058 et

94 2107 298 2163 nostris
326 2105 397 2161 ad
427 2104 678 2160 laborem
708 2113 762 2160 et
800 2103 1124 2180 patientiam
1158 2103 1441 2174 excitatis,
1476 2101 1664 2159 Colle-

92 2210 246 2286 gium
290 2208 652 2283 Marganense
690 2207 750 2261 in
787 2204 1019 2262 Salsetta
1064 2205 1381 2275 constituit,
1425 2206 1663 2280 vestiga-

93 2312 246 2370 libus
275 2331 305 2368 a
349 2309 674 2368 Sebastiano
730 2327 860 2384 rege
907 2306 1211 2363 attributis.
1267 2305 1663 2362 Malabaricam

93 2411 298 2470 deinde
335 2431 488 2468 oram
530 2411 871 2488 peragravit,
914 2411 1071 2485 cujus
1107 2409 1165 2463 in
1208 2426 1350 2484 pago
1387 2407 1665 2486 Pudugu-

94 2534 264 2586 ruca,
300 2534 426 2570 cum
453 2513 754 2589 permixtos
781 2511 1107 2569 Christianis
1138 2509 1388 2568 ethnicos
1419 2511 1667 2568 invenis-

95 2625 199 2688 set,
225 2617 291 2672 in·
304 2615 579 2692 templum
604 2624 872 2690 utrosque
895 2614 1273 2690 congregavit,
1298 2613 1666 2690 hortatusque

96 2727 179 2774 est
207 2727 269 2773 ut
299 2736 490 2774 omnes
524 2735 694 2772 unam
725 2716 781 2771 in
814 2714 1138 2792 religionem
1174 2716 1531 2772 convenirent
1559 2708 1571 2770 i
1606 2715 1664 2770 id

95 2797 441 2893 singulorum
475 2818 674 2889 saluti,
709 2826 763 2874 et
793 2816 1014 2873 utilitati
1051 2816 1295 2893 publicae
1326 2817 1658 2873 conducere.

93 2918 382 2975 Dicentem
419 2919 717 2996 interrupit
755 2919 962 2976 clamor
999 2918 1378 2988 ethnicorum,
1418 2915 1664 2973 adscribi

98 3039 156 3078 se
213 3020 536 3078 Christianis
601 3021 1026 3097 postulantium.
1088 3021 1122 3077 J
1129 3020 1265 3077 ussit
1323 3017 1664 3093 Valignanus

98 3121 399 3197 procedere
429 3123 485 3177 in
517 3123 762 3180 medium
795 3133 1036 3199 quatuor
1066 3142 1096 3179 e
1129 3119 1499 3198 primoribus,
1544 3137 1665 3194 spe-

101 3222 280 3278 cimen
323 3233 377 3281 et
431 3224 634 3299 pignus
687 3224 1052 3299 reliquorum.
1104 3223 1196 3279 Isti
1249 3221 1454 3277 crinem
1510 3217 1662 3275 haud

1749 1609 1997 1665 P.Valigna-

1701 1686 1775 1714 nus
1824 1675 1994 1728 appellit

1701 1735 1743 1778 in
1776 1739 1949 1782 Indiam.

1743 2219 1967 2274 Collegium

1700 2285 1957 2328 Marcanense
1969 2315 1981 2338 ‚
