2232 3590
508 324 780 360 msromffi
824 322 1147 362 socii-:TArrs
1190 327 1340 363 JESU.
1583 307 1702 366 315

137 426 334 483 Florae.
388 424 605 482 Placuit
649 427 911 500 Gregorio
954 435 1016 482 ut
1050 426 1170 483 haec
1207 426 1408 486 dimus
1446 430 1503 485 in
1543 430 1705 487 colle-

136 528 290 602 gium
321 535 652 583 mutaretur.
692 525 1032 601 Praepositus
1056 528 1286 603 collegio
1310 528 1417 585 fuit
1438 531 1705 588 Sacerdos

136 626 352 702 Anglus
390 628 604 683 eximiae
647 626 943 702 probitatis
980 628 1272 686 Mauritius
1308 630 1698 709 Kolenokiusp

134 728 310 786 additi
362 730 476 786 duo
527 728 813 786 Societatis
863 729 1221 802 Sacerdotes,
1273 749 1515 806 quorum
1566 733 1704 789 alter

132 833 322 909 pietati
355 831 735 904 alumnorum,
769 831 908 889 alter
930 831 1128 889 studiis
1153 832 1478 887 eorumdem
1505 851 1703 908 praees-

135 944 239 992 set.
277 935 657 992 Constitutum
683 937 880 1005 etiam,
916 945 979 991 ut
1009 953 1202 991 omnes
1232 933 1329 1010 qui
1360 924 1704 1010 deinceps'in

134 1033 445 1111 Collegium
470 1036 621 1094 istud
653 1035 1022 1112 Anglicanum
1053 1036 1506 1106 admitterentur,
1534 1037 1706 1111 jurati

134 1138 526 1213 promitterent
562 1158 620 1195 se
657 1137 1030 1195 sacerdotium
1067 1147 1460 1213 suscepturos,
1501 1137 1707 1195 decur-

131 1217 323 1316 sisque
352 1240 664 1296 litterarum
698 1240 890 1316 spatiis
919 1240 976 1294 in
1007 1238 1264 1315 Angliam
1296 1257 1613 1295 reversuros
1637 1238 1709 1294 ad

133 1341 462 1400 catholicam
486 1342 676 1400 Fidem
702 1341 1192 1418 propugnandam.
1223 1339 1435 1405 Alanus
1466 1358 1712 1396 summo-

133 1465 266 1522 pere
291 1446 556 1523 cupiebat
579 1455 642 1502 ut
668 1445 883 1521 collegii
907 1442 1445 1500 administrationem
1469 1441 1711 1498 Societas

132 1548 474 1622 susciperet,
523 1547 695 1623 idque
730 1547 802 1603 ab
846 1543 1124 1602 Everardo
1164 1544 1513 1601 Mercuriano
1550 1544 1711 1600 enixe

135 1645 430 1723 flagitavit.
457 1649 680 1704 Novum
705 1666 848 1703 onus
878 1647 978 1702 diu
1010 1646 1340 1723 deprecatus
1370 1645 1710 1722 Praepositus

138 1749 449 1822 Generalis,
483 1747 710 1805 tandem
735 1748 876 1804 illud
894 1747 1133 1822 jubente
1161 1748 1463 1821 Pontifice,
1499 1758 1553 1804 et
1576 1749 1711 1825 ipsis

135 1850 378 1908 alumnis
408 1849 858 1928 postulantibus,
893 1848 1087 1905 subiit.

301 1954 524 2010 Novum
559 1970 818 2028 quoque,
845 1959 901 2005 at
930 1948 1067 2006 utile
1096 1968 1238 2006 onus
1269 1949 1513 2026 suscepit
1535 1949 1714 2006 Socie-

135 2069 219 2116 tas
253 2056 526 2134 Neapoli,
570 2054 793 2112 condita
835 2052 1221 2110 professorum
1254 2051 1455 2123 domO,
1493 2072 1621 2128 quae
1656 2052 1713 2107 in

134 2159 279 2217 urbe
314 2167 467 2215 tanta
513 2157 817 2215 desiderari
859 2155 1181 2212 videbatur.
1229 2153 1398 2210 AEdes
1443 2156 1714 2229 coemptae

138 2271 270 2321 sunt
310 2263 368 2317 in
419 2281 482 2319 ea
532 2261 768 2318 civitatis
810 2259 1066 2335 regione,
1121 2276 1290 2334 quam
1343 2255 1531 2312 sedem
1583 2256 1714 2312 Nidi

137 2365 520 2442 appellabant.
549 2365 772 2422 Novum
794 2363 1002 2440 pariter
1031 2381 1060 2418 e
1086 2361 1319 2436 collegio
1343 2359 1713 2436 Neapolitano

129 2467 420 2544 juniorum
451 2465 565 2523 fere
595 2466 959 2522 Sacerdotum
992 2483 1216 2541 agmen,
1247 2461 1450 2519 diebus
1481 2461 1634 2518 festis
1657 2463 1714 2517 in

137 2568 257 2625 fora
291 2577 347 2625 et
378 2568 619 2645 compita
654 2568 892 2644 prodiit,
929 2567 1029 2623 ubi
1068 2566 1316 2621 oratione
1353 2564 1581 2619 minime
1619 2561 1714 2618 fu-

141 2679 291 2743 cata,
350 2680 429 2727 et‘
467 2670 803 2747 plerumque
858 2668 1252 2745 extemporali,
1312 2667 1590 2744 populum
1643 2664 1716 2721 ad

139 2773 524 2849 poenitentiam
558 2781 613 2829 et
644 2771 970 2829 christianas
995 2772 1226 2827 virtutes
1249 2770 1710 2827 cohortabantur.

141 2875 448 2932 Conciones
495 2874 769 2950 ejusmodi
819 2872 1196 2950 compitalitiae
1238 2873 1397 2929 annis
1449 2871 1713 2945 deinceps

142 2975 618 3052 consequentibus
654 2975 918 3053 Neapoli,
953 2975 1176 3046 Romae,
1212 2973 1444 3049 aliisque
1473 2973 1530 3027 in
1563 2970 1718 3027 urbi-

144 3076 257 3134 bus
298 3077 614 3134 incredibili
649 3097 908 3136 successu
952 3077 1179 3134 fuerunt
1214 3076 1602 3153 frequentatae.
1652 3074 1713 3130 In

146 3179 341 3237 eadem
367 3180 652 3236 Provincia
675 3180 1063 3257 Neapolitana,
1098 3179 1302 3236 domus
1332 3177 1713 3234 professorum
1753 3222 1773 3241 ,,

150 3278 367 3339 Aletina
403 3282 462 3339 in
499 3282 796 3360 collegium
831 3301 1096 3340 conversa
1130 3291 1214 3339 est
1235 3280 1281 3336 *.
1318 3278 1388 3337 At
1416 3277 1716 3336 Mediolani

1823 1962 1991 2016 Neapoli

1749 2029 1898 2070 Domus
1932 2027 2043 2070 Prof.

1797 3089 2027 3144 Collegium‘

1793 3156 2009 3196 Aletinum.

1812 3223 1906 3262 vide
1947 3233 2024 3261 an·

1754 3299 1862 3328 num
1883 3285 2003 3327 1574.
