2232 3590
480 236 751 273 msromAE
792 236 1110 274 socmTAT1s
1151 240 1302 276 Jesu.
1550 219 1668 279 281

118 334 299 393 elucet
331 337 390 392 in
432 336 627 396 litteris
659 357 798 415 quas
829 339 901 396 ad
936 339 1305 416 Praepositum
1347 341 1671 398 Generalem

122 437 388 512 scripsere
411 437 467 510 *,
515 439 730 496 decimo
774 441 1008 516 septimo
1046 439 1346 512 Calendas,
1391 462 1457 497 ex
1506 442 1672 519 pleno
1710 454 1861 493 *filisa
1891 452 1932 493 S.
1957 453 2000 494 J.

115 535 285 612 hujus
314 540 392 594 rei
424 559 587 597 causa
624 549 812 597 coacto
846 542 1112 599 Concilio,
1152 543 1447 619 Gregorius
1485 545 1671 600 Ponti·
1709 517 1925 624 {2555}
1948 518 2001 557 V.

115 635 205 692 fex
240 646 303 693 ut
340 639 554 716 collegii
597 652 818 698 ornaret
862 643 1236 716 incunabula,
1273 643 1674 701 Bibliothecam

115 736 273 796 libris
302 740 613 799 lectissimis
646 744 927 800 instruxit.

275 840 428 901 Idem
460 844 613 901 aliud
635 845 905 904 illustrius
927 845 998 902 ad
1018 845 1330 903 ornandum
1353 846 1676 923 religionem

115 943 173 998 in
203 943 359 1002 India
382 948 658 1023 praestitit.
690 948 830 1005 Cum
861 949 1009 1004 enim
1044 949 1390 1026 cognovisset
1420 949 1678 1007 Christia-

111 1062 246 1117 nos7
292 1047 388 1122 qui
431 1048 504 1104 ab
535 1047 801 1125 Apostolo
833 1048 1048 1104 Thoma
1090 1049 1224 1106 olim
1268 1051 1532 1126 magistro
1577 1068 1678 1107 suo
1717 1063 1762 1103 In
1784 1061 1918 1114 India,

117 1145 366 1204 Thomaei
407 1150 710 1206 etiamnum
754 1148 1131 1226 appellantur7
1168 1150 1240 1205 ab
1272 1151 1554 1208 erroribus
1584 1151 1680 1227 qui

112 1249 382 1324 paulatim
434 1251 493 1306 in
548 1270 741 1308 eorum
795 1270 947 1308 sacra
1005 1259 1061 1307 et
1116 1269 1299 1307 mores
1349 1251 1685 1326 irrepserant

114 1352 291 1426 magis
313 1354 603 1429 magisque
625 1353 853 1430 purgari
882 1373 983 1430 per
1005 1353 1331 1410 Societatem
1351 1397 1365 1424 a
1394 1372 1514 1409 eam
1540 1371 1681 1408 com-

114 1453 401 1510 mendavit
430 1455 568 1530 Regi
606 1453 894 1513 Cocinensi
916 1499 931 1527 ,
965 1458 1123 1532 cujus
1157 1457 1215 1511 in
1247 1456 1456 1511 ditione
1485 1474 1683 1531 magna

114 1573 245 1630 pars
277 1555 671 1612 Thomaeorum
713 1566 831 1629 est,
864 1567 1041 1634 utque
1085 1558 1392 1634 patrocinio
1428 1576 1528 1614 suo
1566 1576 1683 1615 rem

114 1653 484 1712 Christianam
537 1675 867 1733 promovere
910 1668 1166 1734 pergeret
1203 1659 1397 1715 oravit.
1440 1658 1556 1714 Rex
1586 1657 1681 1713 lit-

114 1757 245 1813 teris
289 1756 504 1813 Summi
546 1757 830 1815 Pontificis
870 1759 1165 1832 incitatus,
1212 1760 1482 1816 concessit
1524 1767 1589 1815 ut
1626 1758 1686 1814 in

115 1875 218 1914 suo
267 1877 440 1933 regno
493 1857 683 1915 sedem
733 1867 966 1934 poneret
1016 1859 1293 1931 Societasa
1339 1840 1688 1936 ubicumque

114 1956 374 2015 libuisset
411 1980 423 2014 z
466 1957 710 2016 Antistes
750 1979 881 2016 vero
920 1960 1346 2033 Thomaeorum,
1387 1970 1613 2036 rogatus
1655 1980 1688 2017 a

116 2059 181 2115 P.
238 2058 555 2117 Alexandro
616 2061 923 2139 Valignano
981 2063 1307 2135 Visitatore‚
1367 2062 1687 2119 facultatem

117 2161 289 2220 Sociis
332 2164 731 2241 amplissimam
776 2164 934 2222 dedit
973 2164 1265 2222 exercendi
1294 2165 1452 2222 solita
1489 2166 1689 2224 minis-

116 2263 287 2336 teria,
327 2265 387 2320 in
423 2284 487 2322 eo
532 2286 700 2341 quem
738 2265 1004 2342 eligerent
1035 2266 1338 2323 domicilio,
1379 2267 1565 2323 Electa
1605 2275 1688 2324 est
1724 2283 1982 2336 Vaipicotana

119 2366 402 2442 Vaipicota
424 2411 438 2438 7
485 2367 759 2443 oppidum
809 2368 867 2423 in
897 2369 1106 2424 ditione
1137 2369 1304 2443 Regis
1334 2367 1682 2442 CocinensiS‚
1723 2350 1858 2391 Sedes.

118 2466 363 2523 vicinum
397 2467 736 2544 Crangauori
756 2513 770 2540 7
805 2469 906 2524 ubi
935 2489 1032 2526 arx
1061 2468 1454 2526 Lusitanorum
1484 2478 1586 2526 est.

283 2568 347 2624 In
390 2568 585 2625 ultima
631 2568 758 2627 Asia
805 2570 1138 2647 Japonensis
1180 2570 1437 2627 Ecclesiae
1488 2571 1688 2627 sereni-
1724 2586 1843 2639 Regis
1875 2585 2020 2658 Aruinqae

122 2679 289 2726 tatem
341 2671 725 2744 conturbavit⁷
777 2673 959 2749 primo
1010 2673 1240 2748 quidem
1284 2674 1583 2750 improvisa
1633 2683 1688 2731 et
1724 2652 1827 2756 22315
1860 2651 2022 2769 ἓῗξῇζΐζ

121 2771 508 2848 intempestiva
550 2793 698 2832 mors
734 2775 901 2850 Regis
940 2773 1142 2830 Arimae
1164 2817 1177 2843 Ἴ
1217 2793 1386 2848 quem
1417 2793 1562 2829 anno
1600 2794 1687 2831 su·
1723 2783 1805 2823 bat·

123 2874 325 2950 periori
368 2873 647 2932 Andream
690 2877 747 2931 in
793 2895 946 2932 sacra
991 2875 1342 2951 Baptismatis
1380 2875 1689 2931 ceremonia

127 2985 385 3032 vocaturn
425 2976 594 3035 fuisse
634 2978 1065 3035 memoravimus
1110 2999 1120 3031 :
1162 2974 1365 3032 deinde
1405 2994 1534 3031 vero
1570 2979 1688 3051 ejus

129 3075 227 3131 filii
250 3122 263 3149 7
296 3077 460 3154 longe
499 3081 716 3155 parenti
752 3079 1035 3137 dissimilis
1072 3079 1358 3155 impietas7
1393 3078 1486 3153 qui
1520 3095 1690 3153 regno

130 3179 344 3254 potitus
391 3189 446 3237 et
481 3179 714 3238 liberam
758 3182 817 3237 in
869 3181 1242 3253 Christianos,
1288 3196 1430 3255 quos
1475 3197 1692 3255 semper
