2232 3590
466 231 544 289 92
1139 252 1380 291 EP1T0ME

469 354 791 432 Composita
819 353 971 412 hunc
999 356 1058 412 in
1093 356 1324 413 modum
1358 356 1429 414 de
1457 355 1630 412 Lainii
1660 354 1783 412 loco
1813 361 2040 411 contro-

466 457 645 514 versia
661 502 675 530 7
705 477 924 515 summa
945 457 1052 515 fuit
1075 459 1325 515 omnium
1351 459 1584 515 aviditas
1606 461 1725 535 ejus
1747 456 2035 515 audiendi.

470 560 654 632 Quare
684 571 838 619 sexto
869 561 1142 619 Calendas
1181 561 1537 638 Septembres
1570 570 1751 616 totum
1783 557 2042 615 matutini

470 681 757 721 consessus
783 674 1003 741 tempus
1033 664 1112 719 illi
1144 664 1478 720 attributum
1504 672 1586 720 est
1617 662 1687 718 ad
1708 660 2039 718 dicendum.

165 773 434 847 ‘Quanta-ejus
471 764 729 842 Cumque
751 786 858 822 vox
881 770 1000 842 ejus
1021 765 1093 821 ad
1115 767 1436 822 remotiores
1461 785 1574 821 non
1599 767 1730 824 satis
1753 763 2047 823 commode

135 838 388 882 dicendivis.
470 867 775 938 accideret,
818 866 1003 941 Legati
1046 873 1373 940 suggestum
1404 866 1585 924 afferri
1621 872 1946 945 jusserunt,
1981 885 2049 923 ex

471 987 586 1044 quo
631 968 831 1023 editior
875 967 1373 1043 conspectiorque⁷
1415 967 1556 1026 duas
1597 971 1747 1046 ipsas
1793 970 1957 1026 horas
1994 976 2051 1024 et

471 1067 761 1124 dimidiam
796 1069 868 1126 de
913 1079 1263 1126 sacrosancto
1306 1069 1490 1127 Missae
1529 1070 1796 1127 sacrificio
1833 1089 2053 1146 perora-

471 1171 570 1227 vit.
608 1170 783 1226 Simili
816 1170 1129 1248 frequentia
1160 1181 1215 1228 et
1244 1171 1432 1229 favore
1463 1173 1668 1250 saepius
1702 1172 1904 1229 exinde
1934 1190 2052 1228 sen-

473 1273 705 1329 tentiam
744 1272 917 1345 dixit3
967 1294 1069 1331 nec
1100 1273 1356 1332 dissimili
1387 1276 1550 1332 etiam
1589 1274 1868 1332 libertate.
1910 1274 2053 1332 Cum

474 1376 624 1432 enim
663 1376 878 1449 Caesar,
926 1385 981 1433 et
1024 1377 1269 1434 Bavariae
1314 1379 1442 1435 Dux
1481 1380 1753 1436 instarent
1796 1388 1860 1435 ut
1903 1377 2054 1434 Sacri

475 1475 674 1534 Calicis
711 1497 848 1535 usus
888 1478 1102 1555 populo
1133 1480 1566 1554 concederetur3
1609 1481 1835 1554 Lainius
1866 1479 2059 1538 existi-

474 1599 635 1637 mans
677 1600 843 1638 usum
883 1580 1036 1637 hunc
1077 1583 1155 1639 rei
1188 1583 1474 1641 catholicae
1509 1585 1885 1662 perniciosum
1906 1628 1920 1657 7
1954 1583 2058 1640 etsi

472 1681 653 1759 probe
682 1702 891 1760 gnarus
925 1693 1202 1760 quantum
1241 1685 1514 1760 Ecclesia7
1555 1696 1832 1764 quantum
1864 1694 2054 1742 nostra

477 1784 720 1844 Societas
750 1787 954 1845 Caesari
984 1797 1039 1845 et
1069 1788 1212 1845 Duci
1243 1789 1452 1846 Bavaro
1484 1789 1745 1862 deberet,
1769 1789 1943 1866 idque
1965 1809 2061 1866 pa—

478 1886 591 1944 lam
614 1890 671 1944 in
700 1890 823 1965 ipso
848 1889 1071 1946 dicendi
1095 1891 1253 1947 aditu
1275 1890 1560 1968 professus
1582 1901 1760 1964 esset⁷
1794 1892 2059 1949 acerrime

478 1999 671 2046 contra
709 1989 992 2048 disseruit.
1037 1992 1254 2051 Rursus
1285 2013 1387 2071 pro
1417 1994 1656 2050 Romani
1689 1994 1974 2051 Pontificis
2002 1994 2061 2049 in

477 2089 783 2169 Episcopos
829 2096 1158 2151 auctoritate
1208 2104 1263 2152 et
1313 2095 1637 2152 Hierarchia
1681 2096 2061 2155 Ecclesiastica

477 2203 594 2250 tarn
637 2196 854 2253 erudite
899 2196 1229 2275 fortiterque
1270 2200 1579 2275 pugnavit7
1631 2208 1695 2256 ut
1736 2200 1834 2276 qui
1872 2207 2063 2256 contra

478 2295 830 2370 nitebantur,
870 2298 961 2354 alii
1005 2308 1250 2356 mentem
1282 2302 1510 2357 omnino
1553 2303 1925 2375 mutaverint7
1970 2302 2063 2358 alii

480 2419 610 2476 quae
640 2399 895 2457 dixerant
923 2401 1252 2479 explicanda
1284 2403 1473 2460 mitius
1498 2404 1836 2480 putaverint.
1872 2403 2064 2481 Legati

481 2522 614 2559 vero
648 2503 924 2559 Pontificii
969 2514 1160 2581 aperte
1197 2506 1382 2562 testati
1425 2515 1557 2562 sunt
1587 2525 1848 2582 magnam
1878 2524 1942 2562 eo
1974 2506 2065 2563 die

481 2606 653 2663 Lainii
689 2608 952 2663 meritum
984 2627 1113 2684 erga
1147 2607 1346 2664 Sedem
1387 2607 1765 2684 Apostolicam
1790 2608 2056 2665 extitisse.

644 2710 844 2784 Magna
876 2729 1105 2786 quoque
1149 2710 1219 2766 de
1263 2710 1325 2766 P.
1373 2709 1711 2768 Salmeronis
1749 2711 2063 2766 eruditione

480 2813 668 2890 opinio
694 2813 924 2870 Patrum
947 2824 1084 2871 erat.
1115 2814 1177 2871 P.
1207 2814 1482 2871 Polancus
1505 2833 1619 2870 non
1643 2812 1824 2870 solum
1848 2812 2028 2869 doctae
2045 2856 2060 2885 7

483 2916 582 2975 sed
632 2918 796 2973 etiam
841 2916 1006 2972 cultae
1058 2926 1228 2993 atque
1275 2926 1484 2973 ornatae
1535 2915 1792 2972 dictionis
1836 2913 2064 2970 laudem

481 3018 718 3076 ferebat.
755 3018 1007 3076 Cauisius
1047 3019 1118 3075 de
1157 3018 1469 3076 Germaniae
1498 3017 1671 3074 rebus
1706 3016 2061 3094 potissimum

485 3123 916 3194 consulebaturg
952 3125 1164 3200 quippe
1192 3124 1249 3179 in
1281 3144 1344 3181 ea
1376 3123 1473 3179 diu
1504 3131 1786 3193 versatus,
1820 3130 1875 3177 et
1904 3121 2061 3177 loco-

485 3246 612 3282 rum
641 3227 1109 3304 ingeniorumque
1149 3227 1549 3285 scientissimus
1588 3247 1598 3282 ε
1635 3234 1804 3300 atque
1832 3222 1907 3280 ob
1938 3241 2062 3280 eam
