2232 3590
509 196 779 236 msromffi
821 191 1139 230 SOCIETATIS
1183 194 1310 232 JESU
1322 218 1333 230 .
1629 171 1704 230 33

144 318 200 366 et
220 305 430 378 aliquot
455 319 580 356 cum
606 317 666 353 ea
691 296 853 351 Socii.
893 293 1141 350 Oranum
1172 295 1428 369 appulsi7
1463 294 1543 351 ibi
1574 293 1705 351 sub-

148 407 332 464 stitere
383 401 456 457 ad
495 398 735 454 militum
779 395 992 451 animos
1040 403 1095 450 et
1146 413 1375 470 corpora
1426 396 1669 452 curanda
1689 439 1703 467 ‚

147 523 386 582 quorum
423 501 674 578 plerique
704 497 901 552 morbo
933 497 1088 552 strati
1118 495 1400 572 jacebant.
1438 481 1708 572 Reliquus

145 607 415 663 exercitus
470 600 842 658 barbarorum
893 597 1253 654 multitudine
1302 598 1708 655 circumventus

143 708 297 763 initio
339 703 635 760 laboravit.
684 700 874 756 Patres
917 718 1018 776 pro
1069 699 1303 755 mortuis
1359 698 1708 773 aliquamdiu

145 807 365 876 defletig
431 805 503 860 ad
562 812 868 859 extremum
890 845 903 871 7
966 800 1153 879 divina
1210 819 1314 876 ope
1366 798 1672 856 incolumes
1691 843 1705 870 7

146 909 411 965 aerumnis
435 916 488 962 et
510 904 802 961 laboribus
826 901 1122 972 debilitati.)
1143 901 1374 957 domum
1398 900 1702 957 redieruut.

306 1011 433 1067 Non
483 1007 589 1063 fuit
633 1005 842 1061 felicior
889 1003 1167 1079 expeditio
1220 1004 1501 1080 sequentis
1544 1004 1703 1075 anni,

147 1132 274 1170 cum
303 1109 548 1186 Philippi
578 1108 720 1181 regis
752 1104 1018 1161 Catholici
1041 1108 1205 1180 jussu
1225 1105 1491 1162 instructa
1521 1103 1708 1162 classis

151 1211 443 1289 Tripolim7
471 1217 597 1264 ante
626 1206 838 1281 aliquot
867 1225 1040 1262 annos
1063 1226 1094 1260 a
1124 1207 1317 1262 Turcis
1347 1215 1671 1280 occupatam
1690 1250 1704 1278 7

145 1314 387 1390 recipere
419 1309 667 1366 tentavit.
696 1305 871 1363 Aeciti
895 1326 923 1362 e
946 1306 1115 1362 Sociis
1140 1314 1351 1382 septem
1373 1304 1710 1361 laboriosam

148 1413 435 1483 classiariis
473 1429 697 1486 operam
735 1417 1112 1478 navaverunt3
1146 1426 1260 1463 non
1296 1426 1359 1463 eo
1395 1416 1583 1462 tamen
1612 1407 1709 1483 qui

146 1513 476 1590 sperabatur
507 1511 679 1567 exitu.
716 1510 857 1567 Nam
888 1513 1093 1584 jactata
1124 1517 1453 1585 tempestate
1486 1508 1674 1566 classis
1694 1552 1709 1581 7

144 1634 289 1691 aegre
310 1612 760 1690 Lotophagorum
784 1610 1026 1668 insulam
1051 1611 1283 1688 (Zerbas
1306 1609 1471 1666 hodie
1492 1607 1714 1686 vocant)

146 1716 359 1792 attigit:
396 1734 497 1770 nec
527 1695 704 1769 multo
742 1721 890 1789 post,
930 1713 1224 1769 commisso
1255 1710 1470 1787 praelio7
1504 1711 1562 1765 in
1590 1710 1715 1767 hos-

145 1817 287 1873 tium
311 1824 641 1892 potestatem
665 1815 868 1890 partim
890 1814 965 1885 vi7
999 1815 1202 1890 partim
1234 1813 1516 1871 deditione
1537 1813 1710 1869 venit.

148 1918 411 1976 Oneraria
429 1963 442 1990 7
469 1936 596 1994 quae
626 1915 813 1972 Socios
843 1935 971 2002 cum
993 1916 1212 1992 aegrotis
1235 1914 1505 1986 vehebat7
1532 1933 1715 1990 perse-

149 2019 442 2096 quentium
467 2026 695 2073 conatus
717 2025 771 2072 et
792 2036 943 2071 arma
975 2016 1239 2091 singulari
1262 2014 1520 2071 Numinis
1550 2013 1717 2069 bene-

150 2120 276 2177 ficio
307 2119 523 2194 effugit,
562 2127 615 2174 et
636 2119 693 2173 in
725 2117 964 2173 Siciliam
996 2136 1053 2174 se
1082 2117 1309 2191 recepit.
1344 2115 1452 2171 Sed
1474 2116 1591 2189 jam
1615 2133 1716 2171 nos

151 2222 321 2280 altera
352 2230 407 2278 et
443 2221 658 2296 longior
692 2218 950 2275 Africana
980 2215 1257 2293 expeditio
1287 2224 1466 2271 vocat.

311 2384 532 2428 Annus
565 2379 806 2428 Christi
839 2378 1003 2425 1559
1039 2390 1054 2424 ε
1091 2376 1431 2424 societatis
1467 2377 1570 2423 20.

315 2514 499 2573 Africa
555 2512 846 2591 inaequalis
916 2510 1177 2588 trianguli
1233 2510 1472 2587 figuram
1526 2511 1716 2570 refert.

85 2671 88 2674 ,
153 2617 321 2675 Latus
362 2616 665 2673 obversum
708 2613 1080 2691 Septentrioni
1129 2611 1407 2689 Europam
1457 2614 1716 2691 respicit;

152 2720 299 2778 latus
341 2716 620 2776 Orientale
670 2724 882 2793 spectat
917 2713 1170 2772 Asiaticae
1207 2713 1523 2770 Peninsulae
1568 2733 1722 2770 oram

153 2821 548 2879 Malabaricam
604 2841 615 2874 :
671 2816 1028 2874 Occidentale
1075 2834 1203 2871 vero
1254 2813 1566 2872 Americam
1613 2813 1723 2870 Au-

157 2924 377 2984 stralem
422 2922 586 2998 longe
628 2921 799 2976 videt.
855 2919 1171 2994 Utrumque
1219 2915 1366 2972 latus
1416 2915 1617 2972 desinit
1665 2913 1724 2967 in

160 3047 423 3100 acumen,
469 3035 524 3082 et
563 3025 622 3080 in
665 3023 955 3080 meridiem
995 3019 1159 3096 longe
1197 3017 1493 3095 procurrit.
1542 3013 1724 3088 Hujus

163 3129 355 3203 apicis,
388 3127 542 3205 quod
571 3125 736 3182 Bonae
767 3123 894 3202 Spei
916 3121 1365 3180 Promontorium
1395 3117 1724 3174 recentiores

425 3246 589 3305 Tom.
638 3243 726 3302 II.
1447 3237 1481 3295 3
