2232 3590
454 268 725 305 nrsTofflAE
766 267 1084 304 SOCJETATIS
1128 271 1277 307 Jsssu.
1534 248 1645 307 157

255 373 316 428 In
353 371 470 427 aliis
505 370 698 426 Galliae
740 369 1024 447 partibus,
1073 370 1380 445 praesertim
1416 372 1480 428 iis
1523 390 1650 446 quae

95 473 357 531 Austrum
410 480 689 548 spectant,
759 471 860 527 etsi
922 470 1231 526 litterarum
1303 471 1484 526 studia
1539 490 1653 526 non

92 572 429 649 negligenter
489 580 885 643 tractarentur,
940 573 1114 647 maj0r
1173 570 1341 641 ratio,
1410 579 1464 625 et
1522 590 1652 624 cura

91 673 370 748 religionis
412 672 758 743 habebatur,
800 693 926 747 quae
967 672 1047 727 ibi
1083 670 1387 747 majoribus
1418 680 1533 725 erat
1562 690 1654 745 pe·

91 774 278 831 riculis
315 774 553 850 objecta.
592 774 926 831 Possevinus
969 782 1023 830 et
1053 773 1319 830 Claudius
1356 771 1655 829 Matthaeus

91 876 558 947 Massiliensibus,
602 876 692 932 alii
735 875 1246 946 AvenionensibUS,
1291 873 1382 929 alii
1425 872 1544 929 aliis
1587 871 1657 928 ci-

94 977 359 1034 vitatibus
418 978 631 1034 dabant
672 994 918 1051 operam.
968 971 1302 1048 Augei-ium,
1350 984 1486 1030 tunc
1527 973 1658 1028 Pro-

92 1079 287 1134 vinciae
318 1080 756 1147 moderatorem,
793 1073 1008 1131 Tolosae
1037 1075 1094 1128 in
1124 1094 1292 1130 verno
1316 1069 1529 1149 jejunio
1556 1091 1658 1150 pro

94 1182 358 1237 concione
399 1180 710 1249 dicentem,
765 1176 1057 1231 hominum
1105 1194 1200 1232 sex
1250 1175 1420 1230 millia
1457 1175 1660 1231 diebus

97 1282 329 1358 singulis
379 1281 701 1338 audiebant.
748 1277 912 1335 Multi
963 1279 1021 1332 in
1063 1277 1128 1333 iis
1176 1279 1412 1351 juvenes
1454 1276 1660 1332 Acade-

96 1387 255 1457 mici,
301 1405 402 1442 nec
441 1384 605 1460 pauci
655 1381 930 1451 haeretici,
978 1397 1118 1454 quos
1162 1378 1361 1434 veritas
1414 1378 1473 1432 in
1510 1377 1659 1432 bono

93 1485 305 1541 lumine
335 1485 598 1542 collocata
641 1503 671 1540 e
720 1481 965 1538 tenebris
1008 1479 1303 1536 educebat.
1350 1478 1505 1534 Idem
1553 1476 1663 1533 Au-

95 1588 279 1665 gerius
322 1587 557 1663 peractis
603 1585 1056 1660 Quadragesimae
1109 1583 1502 1655 concionibus,
1555 1581 1664 1656 dis-

95 1689 411 1766 putationes
442 1689 512 1745 de
543 1688 807 1764 religione
829 1687 1094 1758 instituit,
1121 1684 1193 1741 ad
1217 1684 1457 1742 mediam
1483 1690 1663 1759 usque

98 1798 378 1861 aestatem,
411 1799 495 1846 ter
534 1791 593 1845 in
621 1788 1013 1860 hebdomade,
1056 1787 1210 1843 haud
1245 1788 1457 1842 minore
1496 1783 1662 1842 audi-

95 1902 280 1949 torum
338 1901 637 1949 conventu,
691 1892 829 1963 Quae
889 1908 1018 1946 vero
1080 1888 1355 1964 dogmatis
1407 1884 1662 1943 catholici

100 1995 280 2069 capita
310 1994 635 2070 theologicis
672 2012 734 2048 ac
771 1991 1162 2048 subtilioribus
1194 1980 1533 2063 argumentis
1564 2005 1665 2041 ex-

97 2095 455 2172 planaverat,
500 2094 694 2148 eadem
742 2093 892 2146 binis
936 2091 1138 2145 diebus
1172 2088 1395 2144 rudiore
1431 2086 1576 2163 stylo
1607 2085 1666 2140 in
1722 2163 1739 2169 ..

102 2197 373 2256 catechesi
404 2193 675 2263 docebat,
721 2201 776 2248 et
796 2189 1039 2267 jubebat
1088 2188 1348 2265 explicari
1400 2207 1430 2242 a
1481 2188 1668 2263 pueris

99 2294 571 2373 interrogantibus
606 2293 841 2348 invicem
886 2311 950 2347 ac
994 2289 1494 2366 respondentibus,
1539 2307 1668 2364 quae

100 2399 240 2455 ratio
274 2407 408 2453 tunc
450 2395 696 2472 primum
740 2401 1008 2468 usurpata
1051 2391 1268 2448 Tolosae
1309 2393 1573 2465 majorem
1611 2389 1670 2444 in

103 2502 336 2558 modum
360 2498 604 2576 placuit,
638 2505 693 2553 et
722 2494 928 2572 passim
968 2493 1026 2549 in
1060 2492 1179 2549 aliis
1217 2491 1458 2548 urbibus
1491 2499 1669 2566 coepta

105 2615 188 2664 est
216 2602 492 2677 adhiberi.
528 2598 814 2676 Ejusmodi
844 2593 1355 2665 exercitationibus,
1386 2602 1669 2667 tamquam

107 2708 363 2779 classicO,
410 2704 630 2762 excitati
670 2712 724 2758 et
774 2700 989 2757 accensi
1033 2698 1418 2773 magistratus,
1473 2691 1672 2747 nobili-

107 2819 221 2881 tas,
267 2806 513 2884 populus
548 2804 871 2874 universu5,
909 2799 981 2856 ad
1025 2799 1316 2875 religiones
1346 2804 1401 2852 et
1439 2792 1673 2850 civitatis

111 2909 373 2980 tutelam,
410 2909 483 2963 ita
509 2925 698 2962 curam
733 2922 955 2960 ornnem
975 2946 988 2973 ,
1015 2900 1254 2976 Augerio
1285 2897 1427 2953 duce
1448 2939 1461 2966 ,
1497 2894 1673 2948 inten-

113 3012 345 3078 derunt,
392 3019 454 3066 ut
502 3006 846 3084 perduelles,
896 3005 994 3080 qui
1039 3001 1283 3071 Tolosae,
1326 3005 1453 3074 post
1496 2993 1673 3048 vicina

115 3112 320 3189 oppida
351 3110 617 3188 spoliata,
651 3118 832 3185 capta,
866 3106 1051 3162 diruta
1072 3148 1086 3176 ,
1111 3101 1431 3169 inhiabant,
1459 3094 1671 3152 nullam

116 3233 228 3289 qua
259 3232 316 3271 se
342 3213 685 3270 insinuarent
705 3254 719 3282 ,
751 3210 948 3265 rimam
977 3204 1261 3282 potuerint
1289 3198 1554 3256 invenire.
