2232 3590
443 253 711 291 HrsTomAE
752 252 1068 289 SOCIETATIS
1112 254 1262 292 JESU.
1517 234 1630 291 125

92 356 421 413 funduntur.
485 353 681 408 Terror
746 351 1027 426 undique,
1087 351 1252 427 fuga,
1311 355 1630 412 internecio.

91 453 410 514 Sumitauda
450 453 633 509 Yictor
676 453 854 528 pergit
897 452 1175 525 Arimam,
1220 454 1454 525 urbem,
1500 474 1637 511 con-

80 555 275 632 juratis
304 562 399 609 aut
441 554 616 630 pulsis
646 562 742 609 aut
777 554 928 610 caesis
958 554 1185 630 recipit,
1225 573 1288 610 ac
1322 553 1544 610 fratrem
1580 557 1637 610 in

85 674 316 731 regnum
345 655 605 711 restituit.

239 817 457 862 Annus
495 816 735 862 Christi
768 816 972 864 1564:
1009 817 1346 864 societatis
1382 817 1483 864 25.

247 958 481 1016 Tristem
513 959 602 1016 hic
637 979 815 1017 annus
848 962 1158 1036 ingressum
1189 960 1358 1017 habet
1378 1005 1392 1032 ,
1424 960 1635 1018 tristem

83 1058 311 1117 exitum.
374 1062 693 1118 Funestavit
742 1066 858 1138 ejus
915 1064 1131 1118 initium
1180 1063 1434 1119 luctuosa
1491 1081 1639 1119 mors

82 1160 146 1216 P.
183 1161 329 1217 Petri
361 1163 618 1233 Venusti3
661 1163 828 1219 finem
867 1165 1113 1220 reddidit
1154 1164 1419 1221 acerbum
1450 1163 1638 1221 obitus

82 1261 367 1338 Praepositi
400 1264 677 1320 Generalis
708 1264 903 1320 Jacobi
936 1265 1128 1321 Lainii.

245 1365 306 1420 P.
356 1365 550 1422 Petrus
582 1365 890 1436 Venustus,
944 1366 1158 1441 collegii
1204 1365 1529 1422 Bibonensis
1580 1366 1639 1420 in

82 1466 260 1523 Sicilia
290 1468 509 1538 Rector,
551 1468 901 1524 Sacerdotem
944 1467 1309 1524 libidinosum
1340 1468 1490 1523 omni
1522 1467 1639 1522 offi-
1705 1473 1751 1512 P·
1774 1474 1971 1514 Venustus

83 1569 164 1624 cio
208 1568 475 1624 demereri
513 1569 841 1641 conabatur,
875 1578 938 1625 ut
969 1590 1097 1627 eum
1127 1570 1199 1625 ab
1233 1570 1349 1627 alea
1382 1571 1639 1646 vitiisque
1677 1538 1972 1642 ῗῃῑρῗῗέοᾙῗω

3 1676 7 1680 ’
78 1669 410 1744 gravissimis
459 1681 757 1727 revocaret.
803 1671 985 1729 Nullis
1029 1671 1122 1730 ille
1166 1674 1423 1744 monitis,
1469 1674 1639 1732 nullis

83 1770 594 1846 objurgationibus,
647 1773 1046 1850 beneficiisque
1087 1775 1442 1833 flectebatur.
1498 1777 1641 1835 Cum

81 1873 319 1948 exempli
361 1872 613 1947 foeditas,
668 1893 732 1931 eo
776 1877 994 1952 gravior
1042 1877 1099 1931 in
1150 1877 1478 1950 Sacerdote,
1531 1899 1644 1956 quo

82 1975 320 2030 sanctior
350 1976 459 2031 vita
495 1996 612 2034 esse
643 1977 834 2048 debet,
870 1997 1125 2052 magnam
1157 1980 1214 2033 in
1244 1980 1445 2056 vulgus
1476 1980 1647 2036 habe·

81 2084 166 2130 ret
195 2075 583 2147 offensionem,
626 2079 742 2134 dux
778 2079 1104 2136 Bibonensis
1149 2079 1218 2136 de
1255 2080 1349 2136 illo
1380 2082 1437 2135 in
1468 2100 1645 2137 carce-

82 2195 196 2232 rem
233 2177 571 2234 includendo
609 2181 894 2255 cogitavit,
928 2191 990 2237 ut
1021 2181 1300 2239 hominem
1332 2183 1419 2239 vel
1461 2202 1644 2239 emen-

83 2277 239 2335 daret
259 2299 444 2354 poena,
472 2280 561 2336 vel
584 2281 833 2338 custodia
855 2282 1029 2339 oculis
1052 2283 1242 2359 populi
1276 2283 1637 2342 subduceret.

10 2434 12 2436 .
83 2378 263 2436 Sensit
301 2381 622 2457 improbus,
670 2393 724 2440 et
765 2382 822 2439 id
867 2384 1076 2441 consilii
1117 2395 1301 2442 ortum
1345 2407 1377 2442 a
1428 2387 1645 2465 collegii

83 2481 315 2539 Rectore
339 2485 624 2560 suspicans
645 2529 658 2555 ,
692 2505 758 2541 ex
788 2486 930 2543 urbe
959 2486 1338 2544 discedentem
1362 2488 1642 2560 observat,

87 2593 365 2660 caputque
407 2586 608 2663 triplici
644 2587 873 2644 vulnere
918 2587 1184 2644 diffindit.
1226 2588 1512 2665 Superfuit
1553 2589 1647 2645 ali-

87 2696 223 2762 quot
274 2687 434 2745 horas
490 2690 796 2760 Venustus,
843 2700 899 2745 at
948 2689 1216 2746 Sicarium
1268 2698 1331 2746 ut
1380 2689 1648 2748 indicaret

88 2787 291 2845 adduci
332 2810 641 2866 numquam
688 2793 890 2868 potuit.
946 2792 1152 2848 Necem
1200 2792 1646 2868 indignissimam

91 2891 363 2948 consolata
388 2902 470 2949 est
492 2896 610 2969 ejus
634 2907 816 2952 causa.
853 2895 1181 2952 Consolatus
1213 2895 1377 2951 etiam
1401 2902 1483 2950 est
1505 2891 1646 2948 mul-

93 2998 273 3048 torum
301 2994 598 3069 insignium
631 2997 874 3052 virorum
908 2996 978 3052 ad
1010 2997 1335 3053 Societatem
1367 3011 1640 3065 acceSSUS,

94 3093 188 3168 qui
219 3096 382 3152 unius
406 3099 679 3172 jacturam
711 3098 938 3155 abunde
968 3106 1419 3176 compensarunt,
1445 3106 1500 3153 et
1523 3095 1646 3152 fun-

94 3195 220 3252 data
250 3216 348 3273 per
375 3199 524 3255 idem
560 3208 780 3275 tempus
810 3200 1087 3257 domicilia
1118 3219 1230 3256 non
1267 3217 1461 3276 pauca.
