2232 3590
522 194 644 255 280
1191 215 1432 252 EPrrOME

522 319 775 377 Primum
819 328 881 377 ut
920 318 1264 377 conditiones
1308 319 1582 397 quasdam
1625 319 1840 377 Vicario
1887 318 2090 378 Christi

521 431 888 499 proponeret,
929 423 1047 480 sine
1081 422 1291 499 quibus
1320 421 1594 500 ejusmodi
1631 420 1925 478 concordia
1961 439 2092 477 coa-

520 522 728 581 lescere
775 543 891 580 non
938 543 1103 601 posse
1157 524 1487 594 videbatur3
1543 522 1747 580 deinde
1803 521 2094 599 (quoniam

521 623 665 681 Dani
694 634 749 682 et
770 626 1089 684 Moscovitae
1120 625 1334 682 bellum
1366 625 1522 681 haud
1551 625 1727 682 dubie
1749 625 1938 682 Suecis
1966 624 2096 680 illa-

520 727 634 783 turi
655 737 814 785 erant
832 772 845 799 ‚
873 729 919 785 si
940 727 1133 803 religio
1157 727 1516 805 mutaretur)7
1543 737 1606 784 ut
1627 727 1882 784 Pontifex
1904 726 2095 802 Impe-

518 831 717 887 ratoris
768 850 832 886 ac
874 828 1215 885 Polonorum
1257 828 1463 885 auxilia
1509 828 1699 886 Suecis
1742 827 2092 897 conciliarem,

520 929 766 1007 denique
792 940 853 988 ut
875 930 947 987 ad
971 931 1178 1008 Regem
1211 930 1455 987 mitteret
1477 929 1832 987 Sacerdotem
1855 916 2097 1007 expertae

519 1032 864 1089 auctoritatis
888 1052 952 1088 ac
971 1033 1286 1110 sapientiae,
1315 1033 1413 1109 qui
1435 1032 1722 1108 negotium
1744 1040 1913 1087 tantae
1936 1029 2098 1087 molis

519 1132 910 1190 administrare
938 1133 1170 1191 feliciter
1203 1143 1413 1212 posset.
1452 1133 1753 1192 Ecclesiam
1783 1133 2013 1210 regebat
2035 1151 2100 1190 ea

518 1242 852 1311 tempestate
886 1234 1188 1312 Gregorius
1231 1235 1399 1308 ΧΙΙΙ,
1445 1237 1544 1313 qui
1592 1235 1924 1313 gratulatus,
1947 1234 2099 1291 aetati

521 1354 640 1393 suae
682 1345 796 1393 tam
846 1337 1173 1414 praeclaram
1225 1340 1573 1397 occasionem
1615 1339 1896 1416 religionis
1947 1336 2102 1416 apud

519 1437 726 1496 Succos
766 1440 826 1495 in
866 1442 1164 1518 antiquum
1206 1440 1379 1499 decus
1416 1443 1756 1519 reponendae
1779 1487 1793 1516 ‚
1827 1441 2100 1518 Legatum

518 1541 736 1598 audivit
758 1542 1103 1620 perlibenter
1130 1554 1186 1600 et
1214 1544 1400 1600 omnia
1430 1543 1716 1621 pollicitus
1746 1552 1859 1615 est,
1886 1543 2099 1619 quibus

519 1642 658 1718 Regi
689 1643 811 1700 fieri
847 1646 980 1703 satis
1022 1654 1212 1722 posset
1241 1645 1433 1721 quoad
1461 1647 1554 1720 jus
1586 1652 1642 1701 et
1674 1645 1910 1720 aequitas
1939 1653 2103 1721 pate-

520 1751 695 1800 retur.
725 1745 845 1802 Hoc
868 1765 1131 1803 successu
1153 1755 1336 1803 erecta
1358 1745 1392 1801 J
1397 1745 1591 1801 oannis
1613 1764 1753 1801 uxor
1777 1745 2100 1819 Catharina,

520 1845 585 1902 P.
644 1845 987 1904 Stanislaum
1045 1847 1424 1904 Varsevitium
1473 1847 1671 1903 accivit
1721 1866 1789 1903 ex
1835 1847 2064 1904 Polonia
2085 1891 2100 1921 ,

517 1970 689 2026 quem
713 1948 1024 2006 formandae
1046 1949 1147 2006 filii
1171 1949 1287 2007 suis
1318 1947 1662 2026 Sigismundi
1683 1949 1938 2026 pueritiae
1962 1967 2104 2025 prae-

517 2052 731 2110 ficeret.
759 2052 1094 2111 Laurentius
1125 2072 1256 2110 vero
1280 2051 1565 2111 Nicolaius
1596 2070 1692 2109 sex
1720 2051 2103 2110 adolescentes

517 2153 725 2212 Suecos
753 2155 1039 2232 praeclarae
1058 2155 1264 2213 indolis
1293 2156 1444 2212 misit
1472 2155 1710 2211 Romam
1728 2199 1742 2227 7
1776 2153 2100 2212 educandos

517 2258 577 2315 in
613 2259 847 2335 collegio
887 2260 1173 2318 Societatis
1216 2258 1373 2336 quod
1415 2277 1597 2334 nuper
1627 2256 1927 2332 Gregorius
1970 2254 2104 2312 XIII

519 2357 854 2418 fundaverat
894 2362 953 2418 in
989 2363 1225 2440 gratiam
1270 2362 1563 2419 Germanae
1599 2362 1934 2438 juventutis.
1991 2361 2102 2433 Qui

520 2461 723 2520 horum
778 2464 1033 2520 omnium
1095 2464 1277 2522 exitus
1327 2462 1538 2521 fuerint
1595 2464 1755 2521 annis
1812 2462 2104 2540 sequenti-

521 2563 632 2622 bus
663 2565 1006 2622 narrabitur.

213 2676 439 2730 collegium
603 2665 759 2722 Idem
782 2666 1038 2724 Pontifex
1058 2666 1309 2723 laudavit
1339 2667 1603 2743 pietatem
1627 2666 2066 2724 Lucernensium
2083 2711 2099 2740 ,

188 2741 454 2785 Lucernense.
520 2767 619 2842 qui
640 2766 945 2843 Religionis
977 2767 1372 2825 conservandae
1397 2768 1585 2826 studio
1612 2767 1908 2844 collegium
1939 2787 2104 2845 expe-

521 2871 794 2943 tiverant,
832 2871 1030 2930 litteris
1061 2872 1134 2929 ad
1168 2872 1233 2929 P.
1281 2871 1623 2929 Everardum
1663 2873 1828 2929 datis.
1866 2871 1962 2929 Est
1997 2871 2104 2929 Lu-

523 2991 687 3028 cerna
726 2972 917 3031 civitas
953 2974 1217 3051 primaria
1261 2976 1429 3032 unius
1471 2995 1501 3032 e
1545 2985 1755 3053 septem
1803 2975 2101 3032 Catholicis

523 3074 906 3132 Helvetiorum
939 3077 1118 3152 pagis.
1153 3077 1369 3134 Civium
1410 3078 1801 3136 benevolentia
1831 3079 1890 3134 in
1913 3079 2102 3136 Socie-

524 3183 692 3233 tatem
717 3220 732 3250 ‚
769 3187 825 3234 et
853 3177 927 3234 ad
959 3178 1316 3237 retinendum
1345 3180 1501 3238 Fidei
1532 3181 1871 3239 beneficium
1905 3181 2095 3252 ardor,
2139 3170 2142 3176 ⁸
