2232 3590
471 251 741 287 HISTORIAE
784 250 1102 289 SOCIETATIS
1146 256 1296 293 JESU.
1561 238 1672 295 191

114 373 230 412 rem
282 352 548 409 facessere
594 356 854 429 jusserat.
915 353 1151 430 Sumpto
1194 358 1434 414 mendici
1486 359 1674 432 culta,

114 453 345 530 proripit
380 472 437 510 se
465 473 531 509 ex
556 453 795 509 cedibus,
831 454 1109 531 Dilingam
1141 456 1421 531 ingressus
1444 460 1681 534 jubetur

113 573 143 610 a
181 553 429 626 CanisiO,
471 554 827 630 explorandae
864 557 1186 612 constantim
1219 576 1383 614 causa
1407 603 1420 629 ,
1460 563 1682 618 convic-

111 653 328 710 toribus
370 653 652 711 verniliter
687 656 1018 714 ministrare.
1054 658 1227 716 Movit
1256 660 1681 720 admirationem

112 753 329 811 Canisio
380 756 540 831 pueri
579 757 793 831 virtus,
841 770 895 815 et
936 760 992 815 in
1036 769 1188 818 tanta
1233 762 1526 820 nobilitate
1568 774 1680 822 tam

111 854 421 913 Christiana
462 856 748 916 humilitas
786 882 797 915 :
854 860 1059 917 adduci
1102 871 1290 919 tamen
1340 884 1453 921 non
1498 867 1684 942 potuit

113 954 274 1012 illum
298 967 362 1013 ut
383 959 683 1035 reciperet,
712 961 904 1018 eadem
929 963 1295 1023 reformidans
1313 1012 1326 1039 ,
1361 988 1488 1044 quae
1512 969 1684 1027 Sociis

116 1056 527 1117 Viennensibus
577 1072 791 1118 metum
852 1064 1218 1122 incusserant.
1266 1067 1556 1125 volentem
1605 1070 1687 1126 in-

113 1166 468 1236 stantemque
490 1162 657 1217 mittit
679 1163 749 1218 ad
775 1163 1030 1239 Borgiam
1049 1210 1063 1237 ,
1097 1177 1150 1223 et
1176 1169 1433 1225 comitem
1458 1171 1685 1229 duobus

111 1278 144 1315 e
184 1259 455 1319 Societate
494 1263 729 1319 Romam
772 1267 1097 1341 petentibus
1135 1269 1411 1346 adjungit.
1449 1271 1682 1348 Borgia,

115 1361 371 1417 consulto
410 1364 565 1439 prius
599 1365 753 1437 DeO,
804 1375 858 1423 et
887 1378 1132 1443 quantus
1168 1370 1258 1427 hic
1289 1392 1429 1447 puer
1459 1372 1685 1431 futurus

114 1461 247 1518 olim
292 1474 436 1520 esset
486 1469 857 1544 praesagiens,
892 1483 1032 1526 'eum
1077 1472 1355 1530 tironibus
1392 1473 1688 1551 adscripsit

114 1566 313 1640 quinto
354 1566 585 1625 Calend.
635 1571 1004 1629 Novembres.
1061 1570 1444 1632 Adolescentis
1489 1596 1688 1652 parens

112 1674 329 1723 atroces
361 1668 432 1724 ad
470 1689 597 1726 eum
637 1670 847 1729 litteras
889 1693 919 1730 e
963 1672 1189 1730 Polonia
1214 1674 1389 1732 dedit.
1418 1676 1529 1734 Sed
1560 1697 1689 1733 cum

113 1768 264 1826 flecti
293 1769 472 1828 filium
506 1791 670 1848 posse
700 1773 1050 1851 desperaret,
1079 1776 1404 1854 videretque
1435 1778 1542 1836 sibi
1571 1798 1691 1835 rem

118 1872 238 1931 fore
263 1895 390 1932 cum
421 1876 518 1932 Pio
557 1877 603 1933 V
635 1886 690 1933 et
717 1877 1009 1934 Francisco
1042 1877 1272 1954 Borgia,
1300 1899 1442 1955 quos
1473 1880 1691 1957 religio-

114 1995 234 2035 sam
267 1977 595 2036 defensuros
626 1999 850 2037 causam
875 1999 990 2036 non
1012 1979 1337 2052 dubitabat,
1372 1981 1603 2057 quievit.

264 2143 485 2186 Annus
523 2141 766 2187 Christi
801 2142 966 2187 1568
1006 2156 1022 2189 ε
1060 2142 1400 2189 societatis
1437 2143 1539 2188 29.

201 2284 360 2340 Tunc
393 2285 540 2341 enim
577 2304 707 2342 vero
745 2285 1014 2362 explicuit
1045 2305 1102 2343 se
1139 2286 1329 2343 tironis
1363 2286 1513 2342 beati
1544 2304 1694 2362 prae-

114 2383 262 2441 clara
306 2386 516 2458 virtuS,
562 2397 616 2443 et
657 2407 756 2464 per
793 2406 985 2445 omnes
1020 2387 1293 2464 religiosae
1336 2387 1690 2464 perfectionis

116 2487 325 2563 gradus
348 2488 422 2544 ita
457 2488 676 2561 subitO,
709 2509 773 2545 ac
803 2491 1015 2546 naviter
1039 2490 1350 2566 procurrit,
1380 2499 1444 2545 ut
1472 2489 1542 2545 ad
1573 2492 1692 2566 ejus

119 2589 343 2647 culmen
373 2601 427 2648 et
448 2592 629 2649 beatae
662 2593 856 2650 mortis
879 2592 1176 2669 praemium
1203 2612 1316 2648 non
1348 2595 1476 2651 totis
1499 2593 1694 2650 decem

123 2694 409 2751 mensibus
439 2696 773 2771 pervenerit.
816 2695 966 2751 Illud
995 2695 1053 2749 in
1078 2695 1272 2771 primis
1296 2693 1690 2767 memorabile,

122 2798 274 2874 quod
298 2799 425 2873 igne
449 2800 663 2854 Divinae
687 2798 968 2855 charitatis
994 2798 1069 2853 ita
1093 2796 1294 2853 soleret
1317 2796 1690 2867 inardescere,

122 2908 185 2955 ut
220 2898 290 2954 ad
331 2898 771 2975 refrigerandum
808 2920 923 2972 cor,
959 2899 1123 2955 beato
1158 2917 1488 2955 succensum
1519 2904 1692 2965 aestu,

122 3001 408 3076 panniculi
429 3000 627 3076 frigida
649 3003 856 3059 imbuti
881 3003 1092 3080 pectori
1124 3010 1306 3059 essent
1330 2997 1687 3056 admovendi.

127 3102 336 3173 Quarto
379 3102 513 3160 Idus
566 3103 795 3163 Sextiles
845 3105 1117 3162 febricula
1168 3112 1448 3173 tentatus,
1497 3101 1693 3176 quinto

126 3212 253 3279 post
285 3203 408 3278 die,
445 3226 572 3262 cum
621 3226 679 3263 se
722 3208 1070 3284 praedixisset
1114 3207 1483 3276 moriturum,
1533 3202 1694 3280 quasi
