2232 3590
488 197 611 255 214
1151 218 1393 256 EPITOME

489 323 832 399 provocavit.
876 321 1085 380 Locum
1123 322 1412 378 certamini
1446 319 1652 397 delegit
1686 321 1865 397 ipsam
1896 317 2066 375 Urbis

492 425 859 484 academiam.
887 427 1131 484 Videbat
1162 427 1312 483 enim
1343 445 1463 484 esse
1493 423 1866 480 deliberatum
1895 420 2068 476 haere-

494 528 615 586 ticis
645 549 937 607 nunquam
970 529 1175 587 inferre
1204 530 1408 608 pedem
1438 529 1498 586 in
1532 526 1743 605 templo
1775 525 2068 583 catholico-

493 651 642 689 rum.
680 632 800 688 Hoc
828 632 938 690 illis
982 633 1138 689 initio
1173 651 1287 687 non
1326 632 1535 689 invitus
1562 629 1819 687 indulsit.
1860 628 2069 684 Verum

491 743 795 811 postquam
853 742 907 791 et
957 734 1215 790 comitate
1263 733 1526 790 orationis
1570 742 1626 789 et
1666 731 1910 788 veritatis
1952 727 2070 785 ille—

495 835 662 892 cebra
731 834 990 892 delinitos
1056 833 1327 911 paulatim
1392 834 1815 907 animadvertit,
1884 832 2071 910 palam

492 938 846 994 denuntiavit
903 956 961 994 se
1017 938 1075 992 in
1132 935 1346 1014 templo
1403 937 1578 993 verba
1628 936 1911 994 facturum
1972 955 2074 1013 per

492 1041 825 1099 sanctiorem
868 1040 1287 1098 hebdomadam
1309 1086 1322 1113 a
1367 1040 1544 1117 idque
1580 1041 1807 1096 remotis
1847 1038 2075 1095 alterca-
2111 1052 2115 1055 ·

490 1143 739 1200 tionibus
785 1153 841 1200 et
869 1144 1113 1220 pugnaci
1158 1144 1666 1201 controversiarum
1698 1142 1914 1199 aculeo,
1952 1141 2077 1198 Pla-

493 1246 609 1302 cuit
652 1245 773 1302 haeo
817 1256 930 1302 tam
973 1245 1226 1304 modesta
1259 1246 1630 1304 denuntiatio,
1667 1247 1989 1304 Convenere
2017 1245 2075 1301 in

492 1347 770 1424 templum
816 1348 1170 1426 trequentes7
1220 1370 1406 1426 neque
1449 1359 1670 1407 tantum
1707 1349 1918 1421 infimi,
1962 1356 2018 1404 et
2046 1366 2077 1403 6

491 1450 677 1507 media
700 1450 898 1527 plebe7
934 1452 1033 1509 sed
1063 1453 1228 1509 etiam
1254 1454 1534 1531 principes
1566 1455 1802 1511 civitatis
1832 1471 2077 1530 quorum

493 1553 795 1610 auctoritas
837 1552 1140 1630 plerosque
1184 1555 1244 1610 in
1288 1565 1437 1612 secta
1482 1557 1828 1614 continebat.
1867 1557 2078 1613 Omnes

494 1653 803 1711 Maldonati
853 1657 1125 1713 accuratis
1174 1655 1687 1733 disputationibus,
1735 1668 1858 1715 tum
1908 1658 2077 1714 etiam

497 1757 735 1815 aliorum
765 1759 997 1814 Patrum
1029 1758 1429 1831 concionibus,
1453 1759 1531 1815 ita
1554 1759 1784 1817 fuerunt
1814 1759 1998 1817 edocti
2022 1767 2078 1816 et

493 1858 721 1936 impulsi
742 1903 756 1931 7
790 1858 984 1916 nullus
1022 1867 1086 1915 ut
1118 1879 1296 1936 prope
1331 1858 1501 1918 fuerit
1536 1862 1673 1938 quin
1719 1881 1777 1919 se
1815 1872 2076 1939 paratum

494 1963 814 2019 ostenderet
843 1961 917 2018 ad
940 1961 1317 2039 abjiciendam
1348 1962 1606 2020 haeresim
1624 2008 1638 2036 7
1674 1963 1718 2020 si
1741 1962 1912 2019 modo
1934 1983 2080 2041 pau-

491 2063 676 2121 lulum
728 2073 1089 2140 urgerentur,
1137 2066 1180 2121 si
1232 2085 1330 2121 rex
1370 2065 1621 2142 juberet.
1672 2062 1829 2122 Adeo
1872 2083 2080 2142 pravus

494 2166 682 2244 pudor
713 2165 893 2244 (quod
919 2177 974 2225 et
999 2168 1305 2225 Donatistis
1329 2167 1463 2224 olim
1487 2168 1736 2226 evenisse
1766 2168 1824 2225 S.
1854 2166 2084 2245 Augus-

493 2271 645 2326 tinus
669 2269 879 2347 narrat)
904 2270 1201 2328 obstrictas
1224 2270 1455 2328 tenebat
1479 2271 1811 2328 miserorum
1837 2277 2076 2342 mentes⁷

495 2373 880 2429 cunctantium
934 2375 992 2429 in
1029 2374 1175 2430 viam
1219 2373 1439 2447 redire,
1482 2395 1553 2430 ne
1588 2393 1646 2430 se
1675 2381 1838 2429 antea
1868 2389 2080 2428 errasse

495 2474 824 2532 faterentur.
866 2473 947 2529 Ex
989 2494 1103 2550 quo
1135 2476 1302 2532 etiam
1332 2475 1666 2553 intelligitur
1695 2476 1994 2553 sapienter,
2027 2483 2084 2531 et

494 2579 587 2656 pie
624 2577 805 2635 facere
839 2578 1156 2655 Principes⁷
1194 2579 1332 2636 dum
1368 2578 1495 2635 illos
1526 2578 1599 2634 ad
1635 2598 1851 2635 coenam
1894 2577 2083 2653 Magni

496 2681 666 2758 Regis
695 2681 902 2736 intrare
925 2679 1295 2757 compellunt.
1324 2680 1461 2736 Plus
1484 2689 1673 2735 tamen
1695 2679 1848 2756 apud
1875 2677 2083 2735 multos

497 2787 744 2844 veritatis
785 2804 943 2842 amor
985 2794 1040 2842 et
1081 2785 1277 2843 salutis
1315 2785 1526 2858 valuit7
1559 2804 1729 2861 quam
1772 2784 1954 2842 inanis
1985 2792 2083 2842 aut

498 2888 708 2967 pudor,
742 2897 842 2945 aut
871 2897 1077 2945 metus.

663 2990 730 3046 In
764 2988 1130 3047 emendandis
1168 2988 1572 3046 catholicorum
1598 2990 1851 3048 moribus
1874 2990 2082 3067 negotii

502 3111 617 3149 non
660 3093 846 3149 minus
886 3090 1028 3165 fuit,
1074 3112 1244 3168 quam
1277 3093 1335 3148 in
1366 3091 1755 3149 haereticorum
1795 3091 2081 3150 erroribus

506 3195 881 3255 confutandis.
931 3195 1174 3272 Purgata
1216 3206 1299 3254 est
1337 3195 1619 3254 academia
1664 3195 1851 3272 ejectis
1902 3194 2081 3270 magi-
