2232 3590
474 257 746 295 HISTORIAE
788 257 1106 295 SOCIETATIS
1150 260 1300 299 JESU.
1550 241 1665 299 241

112 363 230 436 ejus
271 378 472 436 corpus
530 361 732 418 mansit
773 360 829 415 in
893 360 1103 437 templo
1160 360 1441 420 Societatis
1491 383 1671 440 usque

111 462 183 519 ad
211 482 417 518 annum
445 482 687 520 Mncxvn
718 479 830 538 quo
853 462 909 516 in
940 461 1289 537 Hispaniam,
1319 464 1669 520 concessione

111 562 324 618 Summi
368 563 650 619 Pontificis
693 570 748 618 et
796 560 1042 637 Philippi
1081 561 1131 617 II
1167 570 1365 637 rogatu
1422 562 1669 620 delatum

109 670 224 733 est,
258 663 396 719 etin
426 663 546 720 aede
587 682 738 720 sacra
779 661 1159 719 Professorum
1183 706 1197 732 ,
1242 661 1467 718 Madriti
1507 664 1672 721 collo-

109 771 294 818 catum
346 784 357 818 :
412 783 539 839 quae
581 764 842 840 primaria
894 762 1287 838 Hispaniarum
1337 762 1557 835 civitas,
1610 773 1674 820 ut
1740 753 1743 756 ’

109 861 167 920 S.
188 863 397 920 Isidoro
420 874 653 940 patrono
676 863 906 941 gaudet,
941 864 1019 920 sic
1042 862 1393 920 Franciscum
1419 862 1673 940 Borgiam

108 972 475 1040 protectorem
526 965 833 1042 adoptavit.
893 964 1093 1020 Beatus
1150 962 1222 1018 ab
1267 961 1496 1018 Urbano
1551 961 1674 1019 VIII

107 1063 215 1121 fuit
256 1065 569 1142 appellatus
613 1085 758 1122 anno
800 1084 1096 1136 Mocxxw,
1138 1065 1229 1121 die
1262 1084 1407 1122 xx1v
1437 1066 1673 1124 Novem-

109 1164 259 1238 bris,
302 1176 356 1223 et
407 1187 438 1223 a
482 1167 765 1224 Clemente
805 1168 857 1222 X
892 1167 951 1221 in
994 1166 1321 1223 Sanctorum
1372 1189 1671 1226 numerum

110 1265 317 1324 relatus
348 1267 438 1324 die
465 1287 548 1324 ΧΠ
579 1266 785 1344 Aprilis
815 1288 1072 1324 MDchx.

202 1354 206 1357 ’
276 1367 340 1423 Id
370 1367 450 1423 illi
473 1369 692 1425 videtur
713 1369 1034 1445 contigisse,
1063 1367 1216 1445 quod
1239 1347 1430 1445 paucis
1452 1367 1540 1425 vel
1568 1368 1675 1426 for·
1710 1376 1887 1418 Virtutes
1901 1374 2002 1429 ejus.

111 1476 246 1525 tuna
272 1468 359 1525 vel
387 1470 561 1527 virtus
593 1470 775 1542 dedit,
811 1481 873 1526 ut
903 1472 1018 1527 sine
1040 1471 1361 1546 exceptione
1389 1469 1671 1529 laudetur.

114 1568 539 1645 Quamcumque
560 1573 687 1627 vitae
715 1573 891 1648 ipsius
920 1583 1133 1649 partem
1159 1582 1372 1649 spectes
1390 1617 1403 1644 ,
1431 1574 1488 1629 in
1518 1574 1642 1630 aula
1660 1618 1674 1647 ,

111 1670 168 1725 in
192 1669 667 1729 administratione
699 1674 938 1749 ingentis
977 1674 1301 1750 provinciae,
1333 1674 1392 1728 in
1424 1672 1679 1749 religioso

111 1771 387 1844 institutO,
414 1773 472 1827 in
493 1791 754 1848 supremo
777 1774 1061 1832 Societatis
1087 1775 1437 1854 magistrata,
1462 1774 1678 1850 ubique

114 1882 341 1930 sanctus
379 1883 481 1931 est.
520 1875 729 1931 Tamen
760 1883 823 1930 ut
854 1875 912 1930 in
948 1876 1219 1952 improbis
1262 1885 1474 1932 certum
1506 1875 1674 1952 vulgo

112 1975 307 2031 vitium
359 1976 569 2033 caeteris
612 1975 964 2048 dominatur,
1015 1984 1183 2052 puta,
1238 1976 1500 2048 ambitiO,
1552 1996 1675 2033 ava-
1756 2010 1759 2012 ·

113 2076 265 2148 ritia,
297 2076 410 2147 ira,
447 2078 524 2134 sic
551 2077 609 2132 in
631 2077 833 2134 sanctis
863 2097 974 2133 una
1004 2077 1264 2153 quaedam
1296 2077 1518 2133 videtur
1544 2077 1676 2133 emi-

113 2197 244 2233 nere
287 2177 492 2249 virtus,
545 2177 885 2234 moderatrix
928 2197 992 2233 ac
1043 2178 1269 2233 domina
1320 2185 1673 2244 caeterarum,

112 2285 307 2353 estque
346 2278 596 2354 ipsorum
639 2276 811 2335 veluti
864 2278 1146 2335 character
1187 2288 1242 2336 et
1283 2280 1506 2356 propria
1550 2279 1673 2336 dos.

114 2378 272 2435 Hanc
307 2379 365 2435 in
394 2379 449 2435 S.
495 2379 785 2436 Francisco
824 2379 1020 2456 Borgia
1061 2379 1234 2438 fuisse
1285 2380 1496 2441 merito
1520 2379 1680 2436 dixe-

114 2480 289 2538 rimus
338 2479 722 2556 Evangelicam
766 2479 1220 2558 abnegationem,
1283 2491 1338 2539 et
1377 2482 1534 2558 pium
1593 2483 1679 2539 sui

115 2582 329 2639 odium.
372 2582 515 2638 Hinc
551 2601 705 2637 amor
732 2581 827 2638 ille
855 2582 1231 2659 paupertatis,
1272 2585 1429 2658 cujus
1464 2582 1680 2638 incom-

116 2685 514 2746 modaomnia
564 2683 860 2762 diligenter
902 2704 966 2740 ac
1006 2703 1148 2761 pene
1196 2683 1356 2739 anxie
1393 2692 1680 2741 consecta-

118 2788 304 2845 batur.
376 2789 519 2846 Hinc
582 2786 876 2844 divexandi
941 2786 1186 2863 corporis
1244 2783 1530 2855 studium,
1592 2785 1681 2840 cui

119 2898 404 2965 tamquam
428 2889 572 2947 hosti
608 2887 828 2964 capitali
850 2885 1063 2944 bellum
1089 2883 1426 2961 inexpiabile
1456 2884 1680 2939 denun—

122 2991 377 3059 tiaverat,
425 2989 572 3047 diem
619 2971 780 3062 illum
819 3009 876 3048 se
908 2987 1217 3066 perdidisse
1258 2986 1546 3056 dictitanS,
1583 2985 1680 3060 qui

122 3094 238 3150 sine
271 3093 515 3170 quodam
545 3091 809 3168 peculiari
849 3110 949 3149 suo
983 3090 1230 3147 cruciatu
1263 3087 1534 3144 fluxisset.
1583 3083 1680 3140 Ar-

124 3193 305 3250 culam
348 3193 651 3270 quamdam
687 3176 1054 3265 ¹circumferre
1104 3190 1297 3250 solitus
1334 3195 1484 3258 erat,
1531 3193 1679 3242 ante-

379 3315 539 3373 Tom.
591 3312 676 3370 II.
1364 3306 1434 3362 16
