2232 3590
488 248 763 287 msromffi
805 247 1124 284 soc1ETAT1s
1166 249 1317 286 JESU.
1574 225 1694 285 279

140 351 454 408 constitutae
503 351 754 409 doctores
797 350 1066 407 obtineat.
1110 350 1263 407 Nihil
1314 352 1560 409 accidere
1601 371 1697 429 po-

138 462 277 510 terat
319 455 564 530 optatius
613 452 770 527 Regi.
827 430 1183 507 Laurentium
1242 450 1532 528 theologiae
1587 462 1697 510 tra-

134 554 334 610 dendae
357 556 611 632 praeficit„
637 555 986 629 imperatque
1009 561 1070 607 ut
1094 551 1440 608 Holmienses
1466 553 1699 610 ministri

134 654 424 713 docentem
449 657 767 731 frequentes
790 653 1039 711 audiant.
1066 653 1207 710 Novi
1231 652 1470 708 doctoris
1492 651 1696 708 famam

134 774 281 833 aegre
312 758 561 814 tulerunt
599 756 770 813 Olaus
792 801 806 826 Ἴ
834 766 1024 832 pastor
1052 755 1284 812 civitatis
1308 799 1321 825 7
1354 763 1409 810 et
1438 752 1695 809 Abraha-

131 875 256 914 mus
298 859 573 935 gymnasii
613 857 830 934 publici
865 867 1063 914 rector.
1104 857 1298 932 Itaque
1341 854 1411 912 de
1443 852 1539 909 illo
1569 852 1694 908 abi-

130 957 313 1032 gendo
328 960 567 1015 rationes
589 960 732 1015 inter
757 978 813 1016 se
834 960 1097 1015 inierunt.
1122 956 1444 1014 Invidorum
1468 952 1694 1011 consilia

126 1066 183 1113 et
234 1059 667 1117 machinationes
710 1059 873 1136 fregit
916 1061 1052 1116 Rex.
1103 1058 1486 1116 Abrahamum
1527 1057 1694 1113 etiam

125 1157 247 1215 loco
292 1163 492 1232 movit7
537 1160 693 1237 quod
734 1161 1009 1238 populum
1047 1161 1318 1218 seditiosis
1348 1158 1693 1216 orationibus

127 1262 457 1332 concitaretg
498 1261 596 1319 sed
639 1282 764 1318 cum
805 1262 1143 1339 subrogatus
1171 1261 1252 1317 illi
1284 1261 1486 1317 Rector
1515 1259 1695 1315 luthe-

124 1382 294 1421 ranus
323 1364 468 1421 male
502 1366 855 1442 gymnasium
890 1365 1332 1436 administraret,
1365 1363 1422 1418 id
1447 1361 1694 1419 muneris

124 1463 525 1521 demandatum
587 1465 693 1522 fuit
752 1466 816 1522 P.
873 1466 1203 1538 Laurentio7
1268 1467 1431 1542 eique
1486 1463 1692 1522 scholae

122 1581 315 1622 omnes
358 1567 662 1642 permissae.
704 1565 768 1622 In
804 1568 870 1625 iis
906 1569 980 1624 ita
1012 1587 1071 1625 se
1107 1568 1370 1644 gerebat,
1409 1576 1472 1623 ut
1500 1585 1692 1622 curam

120 1666 401 1742 praecipue
431 1667 742 1724 intenderet
782 1668 854 1724 ad
885 1669 1209 1727 subruenda
1247 1669 1389 1725 clam
1418 1668 1694 1726 haereseos

118 1764 514 1839 fundamenta,
548 1778 602 1823 et
624 1768 1073 1826 confirmandum
1104 1772 1314 1847 Regem
1343 1771 1400 1825 in
1433 1780 1691 1846 suscepta

118 1867 450 1942 profitendae
484 1867 667 1944 palam
702 1869 986 1926 catholicae
1009 1872 1252 1927 veritatis
1275 1871 1580 1928 voluntate.
1609 1871 1689 1929 Ac

118 1989 250 2028 sane
273 1972 465 2048 paucis
488 1970 690 2028 diebus
712 1981 931 2028 tantum
957 1972 1212 2049 profecit,
1238 1982 1302 2029 ut
1323 1973 1441 2030 Rex
1463 1973 1684 2049 populi⁷

118 2075 206 2129 cui
242 2094 502 2150 percarus
526 2084 642 2131 erat
663 2120 676 2144 ,
717 2075 1107 2132 benevolentia
1138 2075 1313 2133 fretus
1348 2086 1686 2133 conventum

115 2173 517 2253 Episcoporum
550 2197 614 2233 ae
635 2177 934 2233 Procerum
966 2177 1263 2249 indixerit7
1302 2179 1359 2233 in
1386 2187 1577 2253 >eoque
1614 2177 1686 2234 de

113 2278 423 2334 revocanda
458 2280 706 2355 pristinae
740 2279 1020 2354 religionis
1062 2278 1238 2334 forma
1274 2288 1329 2335 et
1371 2279 1686 2354 integritate

115 2377 437 2436 disseruerit
456 2424 469 2451 7
495 2380 771 2456 probante
801 2382 1058 2438 universo
1081 2390 1258 2452 coetu7
1286 2391 1340 2437 et
1370 2382 1536 2457 Regis
1568 2401 1685 2438 ora-

116 2480 323 2536 tionem
362 2479 556 2539 faustis
596 2483 827 2540 vocibus
863 2492 1255 2558 prosequente.
1297 2482 1360 2538 P.
1401 2483 1684 2540 Nicolaius

117 2581 391 2639 utendum
447 2585 642 2661 populi
698 2584 883 2642 studio
935 2585 1284 2655 existimans,
1338 2593 1533 2641 auctor
1579 2583 1686 2639 fuit

118 2687 290 2761 Regi7
339 2696 401 2742 ut
444 2688 623 2743 virum
661 2687 804 2743 inter
843 2688 1112 2763 primores
1146 2687 1335 2762 regni,
1378 2693 1685 2761 perspectae

117 2786 400 2845 fidelitatis
422 2809 485 2844 ac
506 2789 853 2865 prudentiae7
887 2789 1126 2844 Romam
1163 2787 1373 2862 legaret
1407 2788 1480 2843 ad
1514 2787 1686 2843 Sum-

119 2908 275 2944 mum
301 2888 625 2946 Pontificem
648 2935 661 2962 7
705 2900 767 2946 ut
799 2910 924 2946 cum
951 2907 1015 2945 eo
1047 2896 1233 2964 ageret
1265 2887 1335 2944 de
1364 2886 1683 2943 reducenda

116 2990 188 3045 ad
228 2989 384 3047 Sedis
428 2990 758 3068 Apostolicae
793 2992 1175 3047 auctoritatem
1213 2988 1425 3045 Suecia.
1482 2986 1683 3044 Missus

119 3102 202 3148 est
235 3112 336 3168 per
373 3093 610 3168 speciem
647 3093 873 3151 alterius
915 3092 1226 3168 cujuspiam
1278 3089 1483 3166 negotii
1532 3088 1684 3143 Pon-

119 3202 239 3265 tus³
276 3193 497 3251 Gardiae
533 3213 750 3269 comes,
790 3196 954 3271 eique
984 3194 1112 3250 data
1148 3195 1204 3250 in
1236 3191 1511 3248 mandatis
1540 3192 1678 3247 tria:

1733 367 1867 422 ibique
1885 369 2023 421 docet,

1722 2913 1760 2948 et
1791 2906 1965 2950 mittitur

1721 2974 1889 3015 Romam
1944 2972 2018 3014 Le-

1719 3037 1846 3092 gatio.
