2232 3590
263 828 478 870 Audomari

180 892 424 948 Collegium.

264 1750 384 1800 Papae
428 1747 490 1789 Pii

192 1813 233 1854 in
248 1813 487 1854 Societatem

189 1878 485 1920 benevolentia.

518 181 632 242 160
1171 207 1412 245 ΕΡΙΤΟΜΕ

512 329 669 366 mum
707 312 866 386 ejecti
894 320 1026 369 sunt
1062 312 1309 383 civitate3
1345 311 1640 388 collegium
1674 322 1950 371 vastatum
1979 313 2087 371 fuit

514 419 569 467 et
604 410 961 470 exhaustum.
997 413 1205 471 Eadem
1250 414 1476 471 vastitas
1507 411 1895 490 Antverpiensi
1927 394 2090 471 colle-

513 512 605 589 gio
647 512 829 570 fuerat
878 514 1049 572 illata.
1101 516 1293 592 Strage
1337 526 1523 574 autem
1575 515 1811 593 dispersi
1861 516 2082 589 PatreS,

514 632 745 691 quoquo
775 625 1062 693 poterant7
1110 619 1389 694 praeconio
1427 619 1606 675 divini
1646 618 1801 676 verbi
1837 638 1956 675 rem
1993 617 2093 676 Ca-

514 714 777 772 tholicam
811 717 1076 792 praeclare
1105 719 1271 774 tutati
1303 729 1454 776 sunt.

681 818 867 874 Sancti
910 820 1218 876 Audomari
1258 820 1504 892 Fanum,
1552 822 1740 879 civitas
1775 821 1999 893 Galliae,
2042 828 2098 877 et

516 920 657 978 freto
698 922 1012 978 Britannico
1044 921 1295 992 vicinior,
1337 919 1558 997 longius
1595 923 1790 979 aberat
1828 944 1858 979 a
1892 922 2097 980 bellico

517 1022 788 1080 tumultu.
825 1024 1020 1099 Itaque
1059 1022 1276 1079 facilius
1317 1020 1425 1078 fuit
1467 1022 1714 1079 Gerardo
1748 1023 2097 1081 Americour-

517 1125 625 1198 tm,
664 1126 847 1202 primo
886 1124 1294 1182 Audomarensi
1332 1123 1607 1201 Episcopo
1629 1169 1643 1197 7
1681 1124 2014 1183 Societatem
2042 1125 2102 1180 in

518 1247 582 1284 ea
607 1227 898 1285 collocare.
928 1228 1178 1304 Magistri
1202 1230 1560 1304 juventutem
1590 1226 1923 1284 rudimentis
1949 1227 2104 1283 litte-

519 1350 709 1388 rarum
740 1332 997 1389 imbuere
1028 1333 1227 1409 quinto
1256 1330 1391 1387 Idus
1422 1328 1641 1407 Apriles
1663 1330 1795 1386 anni
1817 1328 2103 1405 sequentis

523 1435 768 1511 aggressi
812 1444 964 1492 sunt.
1000 1435 1064 1491 In
1097 1434 1292 1492 eadem
1330 1434 1472 1490 urbe
1501 1433 1864 1511 postmodum
1895 1431 2106 1488 funda-

522 1544 682 1608 tum7
723 1556 755 1592 a
798 1536 1046 1614 Philippi
1089 1538 1241 1613 Rege
1279 1535 1597 1609 Catholico,
1641 1535 1750 1591 fuit
1791 1533 2104 1610 Anglorum

525 1639 897 1697 Seminarium
930 1660 1077 1697 anno
1106 1660 1355 1697 Mnxcm.
1773 1630 1775 1633 ¹

690 1740 895 1799 Actum
937 1754 1053 1801 erat
1095 1762 1210 1800 non
1247 1742 1317 1799 de
1362 1740 1550 1818 Belgio
1595 1748 1849 1811 tantum,
1903 1738 2001 1796 sed
2037 1730 2107 1794 de

527 1845 685 1902 Italia
707 1856 824 1902 tota
855 1856 909 1903 et
937 1866 1139 1923 magna
1168 1845 1407 1921 Europae
1440 1850 1630 1920 parte,
1665 1842 1710 1899 si
1741 1840 1938 1897 Turcis
1961 1838 2110 1895 furo-

525 1969 643 2006 rem
697 1967 863 2006 suum
919 1948 1143 2025 explere
1202 1956 1338 2003 tunc
1391 1944 1659 2002 licuisset.
1715 1943 1852 1999 Laeti
1907 1940 2111 1998 nostris

527 2051 1008 2123 dissensionibus,
1043 2051 1255 2126 quibus
1279 2058 1556 2124 augentur
1580 2056 1635 2103 et
1655 2046 1895 2117 florent,
1931 2051 2114 2120 capta-

527 2163 722 2212 verant
760 2153 905 2210 illud
941 2161 1165 2229 tempus
1209 2161 1274 2208 ut
1315 2170 1433 2207 rem
1480 2149 1851 2206 Christianam
1888 2147 2112 2224 penitus

530 2259 805 2316 delerent.
854 2259 982 2315 Jam
1022 2254 1368 2313 formidabili
1412 2252 1615 2324 classe7
1640 2254 1759 2327 jam
1784 2247 2114 2325 campestri-

530 2361 643 2418 bus
666 2360 1119 2437 copiisinstructi
1138 2403 1152 2429 a
1179 2367 1468 2434 tamquam
1493 2355 1566 2411 ad
1598 2361 1804 2410 certam
1827 2349 2115 2407 victoriam

531 2462 879 2520 ferebantur.
929 2462 1162 2518 Factum
1191 2460 1366 2529 bene,
1415 2455 1571 2534 quod
1611 2456 1670 2510 in
1711 2452 1855 2510 felici
1909 2449 2114 2508 saeculo

508 2567 842 2642 *contigerat
883 2563 1150 2619 Summus
1190 2559 1445 2616 Pontifex
1479 2559 1612 2614 Pius
1645 2556 1691 2612 V
1721 2555 1926 2611 virtute
1947 2597 1960 2624 7
2001 2551 2116 2607 ani-

533 2686 626 2723 mo
648 2711 662 2739 7
730 2664 1044 2742 vigilantia,
1099 2681 1248 2719 unus
1303 2658 1586 2716 domando
1646 2655 1822 2712 furori
1879 2654 1924 2709 T
1928 2652 2114 2709 urcico

534 2769 667 2848 par!
705 2767 884 2825 Simul
919 2776 1089 2843 atque
1118 2761 1547 2841 gubernandam
1580 2757 1878 2815 Ecclesiam
1911 2753 2115 2811 Christi

537 2872 807 2949 sumpsit,
856 2869 927 2926 de
959 2867 1112 2926 bello
1150 2868 1207 2922 in
1247 2883 1604 2923 communem
1634 2861 1852 2917 hostem
1885 2874 2118 2933 compa-

538 2973 715 3031 rando
747 2972 1036 3049 cogitavit,
1072 2969 1293 3045 sibique
1328 2988 1359 3023 a
1389 2965 1694 3042 Praeposito
1727 2959 1983 3019 Generali
2013 2958 2120 3014 So-

541 3076 751 3132 cietatis
780 3073 925 3130 tradi
946 3072 1115 3149 jussit
1136 3071 1362 3128 nomina
1384 3088 1578 3126 eorum
1604 3088 1633 3125 e
1655 3066 1862 3124 nostris
1879 3109 1893 3137 7
1922 3063 2019 3140 qui
2045 3060 2118 3118 ad

543 3177 820 3253 ejusmodi
860 3195 1071 3234 sacram
1109 3172 1520 3251 expeditionem
1553 3169 1740 3227 idonei
1770 3165 2113 3225 viderentur.
