2232 3590
494 214 618 274 322
1163 235 1404 273 ΕΡΙΤΟΜΕ

497 340 766 397 dereutur
808 359 872 395 ac
914 348 1269 397 necarentur.
1311 338 1494 398 Ambo
1527 343 1753 401 mutatis
1783 342 2063 416 vestibus,

495 452 551 500 et
575 444 662 500 via
692 443 939 516 diversa,
972 443 1281 501 incolumes
1314 454 1500 502 tamen
1523 444 1840 501 Londinum
1872 454 2071 503 tenue-

495 555 657 618 runt3
692 547 843 623 prior
872 557 1057 604 autem
1091 547 1409 603 Personius.

662 649 814 706 Duas
836 649 1124 726 opiniones
1145 693 1158 718 ,
1185 657 1240 704 et
1272 650 1701 721 controversias7
1730 669 1857 725 quae
1883 649 2070 705 catho-

497 751 631 808 licos
662 750 870 827 Anglos
901 751 957 805 in
1002 751 1303 806 contrarias
1338 749 1508 805 veluti
1554 748 1818 806 factiones
1857 749 2070 807 scinde-

497 853 636 910 bant
673 861 802 907 ante
838 851 1025 906 omnia
1061 851 1478 927 componendas
1507 851 1761 907 arbitrati
1797 861 1962 922 sunt,
2006 860 2068 907 ut

495 974 717 1024 omnes5
756 973 819 1008 ac
848 953 1131 1029 praecipue
1162 951 1486 1009 Sacerdotes
1517 953 1827 1028 conjunctis
1851 954 2066 1011 viribus

494 1057 808 1132 animisque
838 1054 1077 1111 validius
1113 1056 1169 1110 in
1211 1054 1482 1111 tuendam
1517 1054 1799 1131 religionis
1845 1075 2069 1113 causam

492 1158 916 1215 incumberent.
947 1158 1134 1214 Prima
1168 1159 1542 1214 controversia
1587 1167 1704 1214 erat
1742 1158 1812 1215 de
1850 1160 2074 1235 jejuniis

492 1260 838 1338 quibusdam
862 1261 1146 1318 observari
1185 1259 1360 1318 solitis
1398 1260 1560 1316 certis
1602 1260 1661 1314 in
1694 1259 1830 1317 locis
1854 1259 2070 1337 Angliae

490 1373 694 1441 praeter
717 1383 1074 1421 communem
1106 1354 1374 1420 Romanae
1403 1362 1662 1420 Ecclesiae
1693 1383 1860 1421 usum
1900 1386 1910 1420 :
1940 1384 2070 1441 quae

491 1466 749 1522 nonnulli
770 1486 802 1522 a
827 1467 883 1524 S.
921 1465 1267 1543 Augustino,
1294 1465 1392 1522 illo
1424 1464 1736 1542 Anglorum
1768 1465 2070 1544 ApostOIO,

491 1569 721 1627 inducta
741 1614 755 1642 7
789 1579 844 1627 et
873 1569 1163 1627 retinenda
1194 1569 1421 1625 omnino
1455 1568 1874 1625 contendebant
1902 1590 1912 1622 :
1949 1568 2071 1625 aliis

494 1680 685 1727 contra
740 1672 872 1728 satis
920 1691 1054 1728 esse·
1093 1655 1577 1748 pugnantibus⁰si
1629 1670 1896 1724 Romanae
1949 1689 2077 1726 con-

494 1773 734 1830 suetudo
777 1772 1037 1829 Ecclesiae
1080 1779 1413 1829 servaretur.
1463 1768 1651 1826 Altera
1700 1773 2075 1829 controversia

493 1875 786 1953 spectabat
835 1874 1225 1931 haereticorum
1271 1871 1513 1949 templa7
1561 1892 1689 1949 quae
1742 1893 1870 1929 cum
1918 1875 2073 1932 adire

488 1977 761 2035 Catholici
801 1977 1166 2054 juberentur7
1204 1976 1544 2052 gravissimis
1586 1976 1767 2053 poenis
1811 1977 1868 2032 in
1920 1997 2076 2035 recu-

495 2088 680 2137 santes
706 2079 1057 2150 constitutis,
1091 2077 1265 2155 aliqui
1297 2077 1379 2137 fas
1415 2079 1696 2156 putabant
1726 2100 1845 2138 esse
1867 2082 2073 2139 servire

493 2181 780 2260 paulisper
817 2182 1088 2259 tempori,
1129 2181 1298 2238 modo
1337 2182 1684 2240 declararent
1714 2204 2072 2261 nequaquam

493 2285 553 2342 id
584 2306 615 2342 a
651 2305 708 2343 se
737 2286 857 2342 fieri
892 2285 1168 2344 haereseos
1201 2285 1533 2363 profitendae
1562 2285 1650 2343 vel
1686 2287 2072 2363 approbandae

494 2409 695 2461 causa,
735 2399 789 2446 et
826 2389 1142 2467 periculum
1186 2389 1408 2447 abesset
1438 2388 1741 2466 spiritualis
1783 2390 1955 2446 exitii.
1995 2389 2072 2446 Ut

493 2492 616 2550 haec
637 2493 858 2570 gemina
885 2491 954 2549 lis
985 2502 1039 2549 et
1074 2492 1447 2549 controversia
1479 2490 1831 2548 decideretur
1862 2491 2072 2568 placuit

496 2614 667 2670 quam
714 2594 1018 2650 maximum
1064 2593 1319 2669 undique
1361 2614 1663 2651 numerum
1706 2592 2070 2650 Sacerdotum

497 2695 777 2772 colligere.
816 2696 1044 2771 Rogatis
1076 2695 1392 2767 sententiis,
1427 2703 1554 2771 post
1586 2713 1809 2751 causam
1843 2713 2066 2749 omnem

497 2801 794 2879 diligenter
835 2819 1136 2878 expensam
1179 2800 1546 2857 constitutum
1589 2798 1735 2856 fuit:
1775 2798 2067 2875 jejunandi

497 2906 659 2963 certis
689 2914 892 2982 praeter
925 2924 1089 2962 usum
1121 2903 1377 2961 Ecclesiae
1406 2904 1674 2960 Romanae
1710 2901 1914 2958 diebus
1945 2920 2074 2957 con-

496 3008 885 3081 suetudinem7
926 3010 980 3063 in
1019 3008 1085 3065 iis
1125 3007 1226 3064 ubi
1272 3008 1478 3083 vigeret
1516 3005 1730 3083 Angliae
1773 3003 2072 3082 provinciis

495 3110 932 3167 conservandam
987 3133 996 3166 :
1054 3129 1164 3165 non
1211 3110 1343 3166 item
1401 3110 1460 3165 in
1518 3108 1659 3166 aliis.
1727 3106 1892 3164 Adire
1945 3124 2073 3164 vero

495 3211 704 3288 templa
726 3212 1115 3270 haereticorum
1147 3213 1355 3270 nemini
1386 3211 1468 3270 fas
1494 3231 1633 3270 esse.
