2232 3590
509 276 778 315 HISTORIAE
820 274 1139 314 soC1ETAT1s
1182 279 1330 317 JESU.
1578 261 1694 319 291

149 391 307 440 vetus
342 391 398 438 et
435 391 691 440 constans
721 379 916 456 populi
960 380 1294 458 obsequium
1343 394 1398 440 et
1438 404 1699 444 reveren-

148 483 222 539 tia
251 481 516 540 adversus
537 484 845 539 Romanam
876 479 1097 536 Sedem.
1126 480 1355 538 Illorum
1387 483 1699 543 Patriarcha

143 582 479 659 Episcopum
520 591 574 639 et
609 579 1168 658 Archipresbyterum
1211 581 1318 639 hoc
1358 603 1502 640 anno
1553 586 1702 643 misit

143 684 216 741 ad
247 686 575 761 Gregorium
601 683 730 738 XIII
749 727 762 754 7
797 683 891 759 qui
925 702 1026 740 suo
1056 684 1279 741 nomine
1311 685 1703 761 profiterentur

144 784 518 841 obedientiam
536 828 549 855 7
576 793 631 841 et
660 782 1021 860 implorarent
1050 804 1212 862 opem
1248 795 1437 842 contra
1462 787 1703 843 nonnul-

142 884 225 943 los
255 884 563 942 schismatis
598 886 890 960 perniciosi
928 895 1184 944 sartores.
1228 887 1456 944 Audivit
1494 888 1704 967 legatos

145 987 386 1064 benigne
436 986 721 1059 Pontifex,
777 996 833 1044 et
881 987 1236 1063 amplissimis
1279 999 1501 1048 ornatos
1543 991 1703 1049 donis

140 1089 382 1161 remisit,
444 1109 568 1145 eum
630 1088 856 1145 duobus
904 1108 934 1144 e
990 1088 1259 1146 Societate
1311 1090 1703 1150 Sacerdotibus

140 1189 357 1247 Joanne
386 1190 630 1266 Baptista
660 1188 852 1245 Eliano
875 1233 889 1260 7
924 1198 980 1246 et
1014 1189 1228 1246 Thoma
1259 1192 1432 1267 Ragio
1452 1237 1466 1260 7
1499 1192 1706 1268 linguae

143 1290 394 1347 Arabicae
415 1335 429 1362 7
475 1310 602 1367 quae
639 1290 935 1347 vernacula
967 1290 1367 1348 Maronitarum
1403 1302 1520 1364 est,
1555 1294 1698 1369 peri-

140 1393 230 1449 tis.
270 1392 390 1464 Illi,
438 1392 778 1464 observatis,
825 1412 952 1468 quae
989 1391 1153 1468 longa
1196 1393 1287 1450 die
1327 1395 1383 1449 in
1426 1393 1601 1452 libros
1642 1414 1707 1452 ac

142 1494 280 1549 ritus
310 1494 488 1570 gentis
511 1495 876 1569 irrepserant,
903 1494 1047 1551 vitiis
1065 1539 1078 1565 7
1106 1495 1480 1551 Patriarcham
1513 1495 1706 1552 admo-

140 1614 331 1651 nuere.
383 1596 490 1665 Qui
527 1615 653 1650 cum
690 1595 1067 1671 respondisset
1107 1594 1246 1650 nihil
1278 1595 1529 1652 futurum
1561 1596 1618 1651 in
1647 1614 1707 1653 se

142 1715 314 1753 morae
370 1697 671 1772 quominus
736 1704 936 1752 cuncta
993 1695 1458 1764 emenda1·entur;
1518 1695 1707 1752 Patres

140 1798 295 1875 operi
326 1817 555 1853 manum
591 1795 980 1853 admoverunt.
1017 1796 1097 1852 Ac
1125 1796 1299 1853 libros
1321 1797 1550 1872 quidem
1581 1795 1708 1873 ple-

140 1918 346 1975 rosque
381 1897 608 1956 mutilos
630 1942 644 1970 a
672 1906 726 1954 et
754 1915 1047 1973 perperam
1084 1907 1367 1967 exarat053
1403 1895 1706 1954 nonnullos

139 2003 306 2059 etiam
335 2001 584 2057 Dioscori
614 1997 846 2055 maculis
880 2017 1133 2075 aspersos
1162 1999 1421 2055 invenere
1446 2020 1456 2053 :
1491 1999 1549 2053 in
1582 1999 1707 2054 riti-

143 2102 253 2160 bus
300 2100 684 2158 animadversa
740 2108 870 2157 sunt
918 2099 1096 2156 multa
1144 2120 1243 2177 per
1295 2099 1705 2176 simplicitatem

141 2203 368 2260 inducta
408 2212 598 2259 contra
642 2201 978 2259 catholicum
1021 2221 1254 2259 morem.
1301 2201 1545 2261 Infantes
1578 2213 1708 2260 ante

142 2305 632 2381 quadragesimum
678 2304 828 2360 diem
875 2302 1029 2362 nefas
1071 2304 1354 2361 ducebant
1397 2306 1702 2383 baptizare.

144 2406 208 2462 In
238 2406 582 2462 conficiendo
614 2405 909 2462 chrismate
939 2405 1325 2462 admiscebant
1355 2407 1475 2465 oleo
1506 2418 1560 2466 et
1590 2408 1708 2465 bal-

143 2527 297 2567 samo
333 2508 435 2564 alia
473 2527 586 2564 non
617 2528 791 2585 pauca
831 2530 841 2564 :
877 2508 1174 2585 baptizatis
1201 2509 1511 2569 infantibus
1535 2512 1707 2568 conti-

145 2628 259 2666 nuo
291 2609 538 2666 divinam
568 2608 1000 2683 Eucharistiam7
1027 2613 1140 2668 ritu
1164 2613 1483 2669 Graecorum
1506 2613 1707 2689 imper-

146 2712 379 2769 tiebant.
410 2713 507 2770 His
530 2712 764 2789 aliisque
786 2712 844 2769 id
867 2733 1043 2789 genus
1066 2714 1405 2791 corrigendis
1429 2715 1706 2791 optimum

145 2812 296 2869 factu
328 2814 644 2886 videbatur,
678 2816 722 2872 si
757 2816 935 2892 gentis
967 2816 1236 2872 universae
1261 2815 1521 2893 Synodus
1553 2835 1709 2893 eoge-

146 2924 318 2972 retur.
359 2915 575 2988 Libris7
609 2917 740 2993 quia
780 2937 882 2974 nec
922 2916 1125 2994 singuli
1162 2917 1484 2988 commode,
1526 2935 1711 2993 neque

146 3037 339 3076 omnes
382 3018 678 3076 emendare
727 3029 1017 3097 poterant,
1071 3039 1133 3076 ea
1178 3019 1388 3075 ratione
1431 3017 1709 3094 provideri

150 3140 312 3197 posse
353 3121 626 3178 creditum
669 3131 783 3195 est,
829 3123 874 3179 si
910 3121 1127 3179 Arabici
1172 3131 1227 3178 et
1263 3119 1544 3178 Chaldaici
1588 3119 1709 3196 typi

153 3220 544 3294 formarentur,
591 3222 741 3281 unde
771 3243 971 3300 magna
1001 3223 1272 3280 librorum
1307 3219 1708 3298 procuderetur
