2232 3590
488 207 610 267 298
1155 224 1394 262 EPITOME

491 333 667 389 Sectae
697 331 754 387 in
782 329 969 408 Belgio
1007 327 1340 407 profitendae
1371 325 1714 384 facultatem.
1743 324 2061 403 Composita

491 444 575 494 est
596 435 655 491 in
677 433 822 491 hanc
840 431 1167 490 sententiam
1191 427 1556 506 jurisjurandi
1583 426 1855 500 formula.
1889 443 2061 502 quam

494 555 623 594 cum
658 536 979 613 repudiaret
1010 532 1425 591 Catholicorum
1456 550 1586 608 pars
1610 529 1828 600 melior,
1854 545 2065 605 oppro-

493 637 661 711 briis,
699 646 755 694 et
798 635 1056 716 cladibus
1091 633 1256 689 variis
1281 641 1474 688 vexata
1497 642 1600 689 est.
1636 630 2065 706 Antverpienses

494 740 637 797 Socii
669 761 797 798 cum
830 742 1151 814 juramento
1187 732 1543 792 subscribere
1571 735 1913 804 renuissent7
1944 729 2067 805 ipso

495 841 850 898 Pentecostes
874 837 964 893 die
986 836 1059 892 ab
1094 836 1542 911 irrumpentibus
1571 835 1856 891 Haereticis
1877 879 1891 906 7
1934 841 2071 888 tem-

495 942 592 1019 plo
630 940 969 1015 aedibusque
1016 947 1147 995 sunt
1187 937 1368 1013 ejecti,
1414 947 1468 994 et
1510 957 1657 1013 aegre
1688 935 2068 1004 Mechliuiam,

494 1043 627 1100 inde
656 1042 966 1099 Lovanium
998 1040 1326 1116 attigerunt.
1360 1039 1504 1095 inter
1542 1037 1920 1116 perduellium
1946 1052 2072 1112 pro-

495 1144 601 1201 bra
644 1154 700 1201 et
752 1142 901 1200 foeda
950 1141 1220 1198 ludibria.
1270 1140 1509 1218 Jamjam
1572 1141 1950 1217 Trajectenses
1997 1135 2073 1191 ob

496 1244 755 1303 eamdem
794 1263 1018 1302 causam
1060 1241 1360 1320 collegium
1399 1242 1653 1300 deserere
1692 1243 1862 1299 coacti
1892 1247 2071 1299 erant.

498 1347 950 1404 Tornacensibus
983 1346 1289 1422 irrogatum
1322 1344 1472 1401 idem
1509 1345 1738 1402 exilium
1781 1343 1944 1401 tertio
1982 1358 2078 1396 no-

498 1469 599 1507 nas
633 1449 810 1506 Junii.
850 1449 1161 1524 Brugenses
1195 1446 1527 1504 clementius
1563 1446 1797 1504 dimissi.
1827 1446 2079 1502 Duacen-

500 1570 588 1609 ses
625 1571 657 1608 a
694 1549 904 1608 furiosa
946 1550 1119 1628 plebe
1160 1549 1374 1621 abacti.
1422 1547 1593 1626 paulo
1629 1557 1758 1624 post
1801 1568 1832 1603 a
1872 1546 2078 1602 Senatu

497 1654 739 1710 revocati
775 1662 909 1711 sunt
938 1675 949 1708 :
976 1652 1069 1708 alii
1099 1671 1210 1708 uon
1249 1651 1354 1707 nisi
1391 1658 1520 1726 post
1553 1649 1744 1725 plures
1777 1666 1952 1704 annos
1985 1664 2080 1702 re-

501 1754 674 1812 diere.
703 1754 743 1809 E
774 1764 1017 1829 quatuor
1042 1772 1170 1829 quae
1193 1751 1484 1808 restabant
1511 1751 1570 1806 in
1600 1750 1786 1826 Belgio
1817 1747 2041 1805 familiis
2063 1789 2078 1818 7

502 1857 823 1914 Leodiensis
853 1855 960 1911 hoc
982 1873 1128 1910 anno
1152 1872 1266 1909 non
1296 1851 1548 1908 habebat
1577 1850 1952 1908 incommode.
1982 1849 2082 1906 Ca-

503 1957 838 2016 meracensis
887 1965 944 2014 et
999 1955 1437 2014 Audomarensis
1481 1973 1627 2030 aegre
1678 1972 1736 2010 se
1778 1952 2076 2023 tenebant⁷

504 2073 731 2122 senatus
771 2061 1170 2136 bonorumque
1211 2057 1494 2136 praesidio,
1530 2055 1930 2112 Lovauiensem
1962 2053 2083 2110 dis-

502 2166 678 2243 persit
713 2162 973 2241 pestifera
1005 2162 1156 2233 lues;
1204 2179 1406 2217 arcano
1438 2159 1538 2216 Dei
1573 2158 1833 2230 consilio7
1877 2155 2080 2233 ereptis

503 2275 626 2324 tum
670 2265 910 2322 maxime
955 2285 1082 2321 cum
1127 2263 1368 2342 gravitas
1409 2263 1755 2341 tempestatis
1796 2259 2083 2339 postulare

506 2369 809 2427 videbatur
838 2378 1012 2425 artem
1054 2366 1410 2443 gubernandi
1447 2365 1818 2442 singularem7
1851 2363 1918 2420 iis
1953 2360 2084 2418 viris

444 2511 446 2513 -
509 2474 610 2551 qui
646 2493 762 2549 prae
804 2472 1016 2528 caeteris
1055 2470 1241 2528 idonei
1271 2470 1628 2528 videbantur.
1671 2466 1878 2524 Eodem
1904 2481 2081 2534 annO,

510 2575 772 2634 Calendis
814 2572 1076 2631 Octobris
1118 2573 1586 2650 religiosissimam
1633 2578 1869 2626 mortem
1910 2564 2082 2635 obiit⁷

510 2698 714 2756 magno
767 2675 1169 2734 catholicorum
1220 2674 1379 2730 luctu
1429 2675 1673 2731 Joannes
1722 2669 2082 2740 Austriacus,

510 2800 689 2858 prope
725 2781 1107 2849 Namuroum7
1154 2776 1351 2834 mediis
1402 2777 1461 2831 in
1506 2775 1718 2832 castris,
1774 2771 1966 2847 Usque
2013 2766 2086 2824 ad

513 2885 777 2942 ultimum
824 2882 1060 2939 halitum
1097 2881 1170 2938 ad
1204 2881 1351 2937 latus
1388 2878 1596 2935 habere
1634 2873 1893 2932 voluitP.
1921 2872 2087 2929 Joan-

515 3007 642 3044 nem
698 2986 1107 3056 Fernandium7
1154 2984 1253 3061 qui
1302 2980 1576 3038 militibus
1618 2996 1843 3055 operam
1886 2972 2080 3029 dabat.

515 3089 691 3146 Paulo
743 3098 871 3146 ante
920 3088 1072 3145 illius
1123 3095 1357 3143 mortem
1405 3081 1716 3141 Alexander
1757 3076 2084 3147 Farnesius,

519 3194 648 3251 Dux
707 3193 1057 3265 Parmensis.
1115 3189 1518 3249 Gubernatoris
1558 3196 1742 3264 partes
1797 3184 1855 3239 in
1905 3179 2090 3256 Belgio
