2232 3590
219 327 246 360 A
250 337 349 361 nnnnn

218 548 338 595 1567

211 1606 330 1653 1568

209 2091 328 2138 1569

211 2739 330 2786 1570

213 3146 327 3192 1571

1031 235 1201 273 INDEX
1213 260 1224 271 .

404 389 629 438 Atlantici
650 392 785 438 Maris
802 395 993 449 insulae,
1019 400 1065 439 ct
1088 392 1306 451 quaedam
1322 390 1562 451 Japonicae
1584 392 1784 436 excultae
1809 424 1820 436 .
1897 424 1907 436 .

405 469 458 514 In
485 471 724 517 Floridam
755 473 999 532 appellens
1022 473 1072 517 P.
1094 473 1338 516 Martinius
1366 476 1599 515 mactatur
1623 484 1648 514 a
1672 468 1903 514 Barbaris.

404 550 609 606 Quaestio
636 553 692 598 de
714 554 845 599 Votis
868 554 1164 613 simplicibus
1232 580 1901 595 .........

404 632 618 679 Romana
653 639 898 694 provincia
937 633 1246 678 constituitur
1277 655 1333 662 -—
1371 629 1526 674 Cessat
1552 631 1764 676 Amerini
1795 631 1905 677 Col-

467 715 673 774 leginm;
700 721 853 760 oritur
876 714 1068 764 Brixiae,
1097 711 1314 765 Taurini,
1340 716 1387 754 et
1405 709 1651 772 Herbipoli
1727 745 1739 756 .
1807 744 1820 756 .
1893 746 1903 756 .

397 791 641 849 Elwangae
663 798 709 833 et
732 791 947 848 Elbingae
972 789 1087 846 quid
1113 793 1273 833 actum
1310 820 1903 835 ........

400 872 645 918 Confessio
669 870 1013 930 AugustinIana
1043 896 1099 903 —
1132 870 1309 916 Domus
1340 871 1637 929 probationis
1665 870 1901 931 villaregii

463 955 515 995 in
547 952 770 1010 Hispania
815 983 1903 997 ..............

397 1044 487 1089 Res
500 1059 740 1103 prosperae
754 1048 803 1089 in
818 1045 980 1090 Indiis.
996 1073 1055 1080 —-
1067 1046 1117 1090 P.
1134 1045 1338 1091 Oviedus
1350 1046 1616 1105 patriarcha
1629 1044 1904 1103 AEthiopiae.

399 1123 665 1169 Primordia
692 1128 953 1182 provinciae
979 1126 1206 1170 Peruanae
1227 1154 1904 1169 .........

395 1204 448 1250 In
471 1220 619 1263 regno
644 1206 794 1266 Bungi
816 1205 956 1251 floret
982 1207 1172 1266 religio;
1199 1212 1396 1252 vexatur
1419 1209 1469 1250 in
1494 1203 1772 1250 Firandensi
1809 1235 1822 1248 .
1895 1236 1906 1248 .

394 1286 518 1331 Mors
543 1287 620 1331 Fr.
646 1288 843 1332 ,Ioannis
880 1289 1133 1334 Fernandii
1142 1316 1904 1334 ..........

395 1366 687 1425 Lugdunum
711 1383 823 1413 cura
849 1368 899 1413 P.
935 1368 1127 1429 Augerii
1151 1375 1386 1414 servatum
1397 1399 1904 1414 .......

400 1445 628 1504 Ejusdem
651 1448 835 1492 labores
857 1476 918 1481 —
942 1450 1128 1494 Primus
1151 1454 1309 1510 regius
1331 1453 1645 1495 concionator
1668 1455 1749 1493 etc
1810 1479 1823 1492 .
1893 1480 1906 1492 .

399 1525 447 1572 S.
469 1528 686 1574 Stanislai
712 1530 898 1574 Kostkae
916 1531 1138 1576 admissio
1162 1535 1211 1576 in
1231 1531 1514 1578 Societatem
1533 1534 1646 1576 etin
1665 1531 1844 1575 coelum
1897 1563 1908 1575 .

395 1608 553 1654 Prima
587 1618 956 1669 procuratorum
989 1612 1303 1672 Congregatio
1311 1641 1905 1657 ........

395 1688 498 1745 Quo
524 1696 648 1734 statu
675 1705 747 1735 res
772 1695 822 1735 in
859 1693 1017 1750 Belgio
1045 1719 1099 1725 —
1128 1693 1393 1745 Collegium
1421 1691 1660 1729 Duacense
1729 1720 1740 1730 .
1813 1720 1824 1731 .
1895 1721 1906 1732 .

395 1768 447 1812 P.
475 1769 653 1823 Lopius
677 1784 700 1809 a
726 1770 1066 1811 Mahometanis
1092 1770 1277 1810 occisus
1301 1790 1356 1797 —
1387 1764 1503 1822 Ejus
1525 1767 1659 1809 socii.
1732 1798 1743 1810 .

395 1846 536 1905 Apud
561 1846 701 1890 lndos
723 1859 797 1889 res
823 1860 1089 1904 prosperae,
1116 1848 1165 1888 in
1189 1845 1367 1903 oppido
1393 1845 1564 1898 Porca,
1585 1848 1636 1888 in
1662 1845 1836 1901 Cione,
1861 1849 1911 1890 in

461 1926 702 1985 Sanguina
729 1953 784 1958 —
805 1925 961 1970 Meaco
989 1925 1177 1985 profugi
1202 1931 1379 1983 patres,
1406 1930 1450 1968 et
1475 1924 1674 1969 reduces
1727 1957 1739 1970 .
1811 1958 1824 1970 .
1894 1958 1906 1970 .

397 2010 449 2055 P.
476 2011 703 2055 Melchior
728 2009 980 2055 Carnerius
1003 2011 1217 2068 ,laponiae
1242 2016 1287 2053 et
1311 2008 1435 2054 Sinae
1456 2009 1738 2067 Episcopus.
1810 2041 1820 2053 .
1893 2042 1904 2054 .

393 2091 446 2136 ln
472 2091 620 2136 Gallia
639 2091 967 2149 expeditiones
990 2091 1278 2149 apostolicae;
1305 2090 1534 2135 Sodalitas
1559 2090 1908 2136 Misericordiae.

396 2171 626 2218 Sodalitas
651 2172 861 2216 Romana
888 2173 938 2216 B.
964 2172 1019 2217 V.
1044 2171 1354 2216 Annuntiatae
1391 2203 1905 2217 .......

396 2253 629 2312 Imagines
654 2254 704 2297 B.
725 2254 777 2298 V.
806 2267 863 2298 ex
890 2252 936 2298 S.
963 2253 1100 2298 Lucae
1118 2255 1401 2312 archetypo,
1426 2259 1500 2298 etc
1505 2284 1907 2299 ......

394 2334 661 2393 Collegium
682 2334 1153 2380 Poenitentiariorum
1179 2335 1237 2379 ad
1255 2334 1300 2379 S.
1323 2335 1469 2388 Petri,
1498 2336 1660 2381 Romae
1729 2369 1740 2380 .
1809 2367 1821 2379 .
1893 2367 1903 2379 .

392 2417 446 2462 In
473 2417 806 2474 Monomotapa
830 2423 876 2461 et
898 2417 954 2462 ad
981 2417 1142 2464 Casros
1167 2418 1319 2463 Missio
1352 2419 1556 2463 infausta
1565 2448 1905 2463 .....

395 2494 635 2549 Granatae‚
661 2499 800 2539 statio
825 2494 1067 2540 Albaizina
1093 2497 1438 2541 destituitur—
1455 2497 1504 2542 P.
1531 2497 1586 2542 A.
1612 2497 1749 2556 Lopii
1780 2509 1908 2540 mors

395 2576 602 2636 Collegia
622 2578 826 2631 Malacae,
847 2578 1028 2632 Biatiae,
1049 2580 1324 2634 lnteramni,
1345 2579 1556 2640 Segurae,
1579 2580 1756 2634 Huetae,
1781 2577 1902 2623 Oro-

463 2672 614 2716 pezae,
641 2658 873 2716 Legione,
899 2658 1094 2718 Segunti
1143 2689 1899 2704 ..........

395 2742 448 2788 Ρ.
476 2743 681 2788 Joannes
708 2745 1001 2788 Maldonatus
1021 2778 1033 2799 ‚
1060 2744 1252 2789 Pictavii
1315 2774 1902 2788 ........

399 2823 450 2868 Ρ.
479 2824 712 2869 Robertus
736 2825 1051 2868 Bellarminus
1076 2824 1270 2868 Lovanii
1311 2858 1321 2868 .
1394 2858 1404 2868 .
1432 2845 1459 2871 ι,
1477 2854 1903 2868 ......

396 2903 711 2950 Conscientiae
737 2906 906 2959 Mensa,
928 2907 1056 2951 Coae.
1072 2905 1193 2949 —In
1215 2906 1430 2963 Japonia‚
1451 2919 1580 2949 mors
1596 2905 1647 2949 P.
1665 2904 1903 2949 Turriani.

398 2985 449 3030 P.
480 2986 578 3045 lgn.
608 2987 894 3040 Azebedius,
929 3001 1041 3030 cum
1073 2990 1212 3031 sociis
1237 2988 1294 3030 ab
1320 2989 1552 3031 haereticis
1577 2987 1813 3031 interfecti
1889 3018 1901 3030 .

395 3065 639 3124 Angrense
663 3074 709 3111 ct
735 3068 1025 3113 Funcalense
1059 3070 1325 3127 Collegium
1393 3100 1902 3112 .......

396 3147 601 3192 Victoria
628 3149 684 3192 ad
708 3149 1030 3207 Naupactum3
1055 3156 1100 3194 et
1126 3150 1304 3194 ibidem
1329 3163 1471 3207 opera
1496 3149 1687 3193 Patrum
1725 3180 1737 3192 .
1809 3181 1820 3191 .
1890 3179 1902 3190 .

400 3226 448 3274 S.
475 3229 553 3274 Fr.
576 3230 741 3290 Borgia
757 3264 770 3286 ,
792 3231 928 3289 jussu
953 3231 1020 3276 Pii
1044 3231 1106 3286 V,
1131 3234 1221 3276 iter
1243 3231 1513 3291 aggreditur
1537 3233 1588 3275 in
1614 3230 1905 3289 Hispaniam.
