2232 3590
212 346 436 400 Collegium

185 411 430 454 Bituricense
441 444 454 466 ‚

187 1279 456 1329 Granatense‚

177 1477 484 1518 Numantinum.

194 2087 343 2126 Domus
372 2083 490 2136 prob.

193 2152 433 2198 Tarraconae
446 2181 457 2202 ,

193 2299 475 2340 professorum

196 2365 331 2407 Xerae.

515 219 640 278 272
1182 241 1423 279 EPITOME

681 344 858 404 Aucta
887 355 971 405 est
997 345 1269 424 Europaea
1292 345 1533 402 Societas
1557 343 1852 405 domiciliis
1875 345 2091 424 aliquot

515 449 574 505 in
623 447 800 505 Gallia
823 493 838 522 7
891 459 948 506 et
1006 449 1294 526 Hispania.
1358 448 1666 524 Bituriges,
1727 449 2091 525 antiquorum

516 549 814 608 Avaricum
852 551 1198 628 Biturigum,
1240 549 1428 626 ampla
1466 550 1658 606 civitas
1701 559 1756 605 et
1785 548 2096 625 Archiepis-

517 664 784 732 copatus.,
817 656 876 711 in
906 653 1101 710 Galliae
1134 650 1407 708 umbilico
1448 650 1560 708 fere
1591 651 1766 708 sedet.
1802 650 1867 707 In
1889 670 1952 706 ea
1984 648 2094 706 col-

515 755 726 833 legium
775 755 996 832 jamdiu
1054 751 1393 808 moliebatur
1456 752 1701 810 Joannes
1756 740 2092 828 Niquettus7

520 857 717 916 Abbas
747 857 966 933 egregie
996 856 1159 932 pius3
1195 858 1355 931 cujus
1402 853 1647 932 denique
1678 855 1951 912 constanti
1983 862 2097 912 stu·

520 960 648 1034 dio,
682 969 738 1017 et
764 957 1183 1035 Archiepiscopi
1215 977 1279 1014 ac
1308 957 1640 1014 Senatorum
1663 966 1860 1032 rogatu
1882 955 2094 1012 factum

520 1072 635 1135 est,
682 1071 745 1119 ut
776 1063 896 1139 ipse
933 1062 1052 1118 Rex
1092 1060 1370 1118 Henricus
1409 1057 1659 1137 ponendi
1697 1056 1915 1134 collegii
1952 1074 2096 1113 onus

523 1164 670 1222 ultro
701 1165 1027 1241 susciperet.
1061 1162 1259 1219 Petrus
1290 1142 1633 1231 Guerrerus,
1667 1157 1914 1231 Praesul,
1954 1158 2100 1213 Gra-

522 1266 768 1324 natensis
792 1266 1009 1343 collegii
1030 1264 1297 1322 fundator
1319 1263 1634 1321 declaratus
1655 1271 1739 1319 est
1755 1306 1769 1335 a
1798 1262 1897 1339 qui
1927 1259 2102 1317 aedifi-

525 1372 740 1429 catione
769 1371 899 1427 novi
937 1368 1164 1446 templi,
1196 1369 1579 1445 impensisque
1621 1366 1835 1424 caeteris
1876 1383 2104 1442 magnas

523 1475 779 1551 pecuniae
821 1492 1069 1540 summas
1111 1470 1448 1529 contulerat.
1493 1470 1905 1528 Numantinum
1936 1466 2102 1524 colle-

522 1577 678 1653 gium
697 1620 711 1648 7
744 1577 803 1631 in
833 1573 1072 1632 Castella
1103 1575 1308 1646 veteri,
1349 1573 1546 1651 (quam
1577 1573 1779 1630 urbem
1803 1572 1862 1628 in
1891 1568 2102 1626 annali-

522 1677 634 1735 bus
666 1678 934 1734 Romanis
967 1676 1100 1733 olim
1132 1675 1658 1745 celebratissimam,
1695 1672 1864 1728 hodie
1888 1671 2102 1727 Soriam

523 1780 748 1857 vocant)
782 1780 1065 1837 inchoavit
1108 1777 1317 1834 nobilis
1352 1777 1508 1853 virgo
1550 1776 1769 1832 Joanna
1798 1773 2101 1845 Mendoza‚

524 1885 759 1958 ejusque
798 1880 1116 1937 fundationi
1173 1877 1411 1957 vectigal
1461 1876 1836 1934 necessarium
1886 1874 2103 1932 Joanna

525 1987 731 2059 Maria7
778 2004 934 2044 soror
969 1989 1091 2063 ejus
1132 1983 1240 2041 hoc
1269 2000 1417 2040 anno
1452 1979 1717 2058 explevit.
1753 1978 2065 2036 Tarracone
2087 2020 2102 2050 .,

526 2090 585 2146 in
642 2087 997 2160 Catalaunia,
1068 2087 1318 2143 Domum
1378 2081 1734 2140 Probationis
1792 2077 2104 2138 Cardinalis

530 2193 829 2252 Cervantes
866 2189 1141 2248 condidit.
1189 2189 1404 2245 Domus
1449 2184 1866 2255 Professorum,
1911 2183 2104 2254 Xerae,

529 2296 589 2352 in
624 2293 936 2351 Vandalitia
974 2303 1130 2350 tanto
1168 2290 1440 2348 libentius
1469 2296 1697 2366 accepta
1741 2295 1857 2359 est,
1894 2294 2107 2363 quanto

531 2397 879 2456 commodior
938 2396 1096 2454 locus
1118 2441 1132 2469 7
1200 2414 1315 2451 non
1369 2389 1569 2469 procul
1631 2389 1705 2446 ab
1755 2389 1896 2447 ostio
1945 2387 2106 2445 fluvii

531 2501 724 2573 Baetis,
757 2499 910 2557 unde
946 2499 1004 2554 in
1035 2496 1221 2556 Indias
1246 2493 1494 2570 navigari
1523 2491 1694 2569 vulgo
1718 2491 1879 2550 solet.

591 2644 594 2647 v
679 2665 902 2708 Annus
938 2659 1184 2708 Clu-isti
1217 2657 1384 2705 15⁷6
1421 2670 1438 2703 ε
1475 2652 1818 2702 societatis
1854 2651 1957 2697 3⁷.

696 2808 934 2885 Japonia
964 2824 1176 2862 novum
1205 2803 1312 2859 hoc
1344 2819 1491 2857 anno
1522 2800 1732 2875 Regem
1765 2795 1984 2854 Christo
2016 2794 2111 2852 de-

533 2911 638 2967 dit.
674 2909 805 2966 Erat
837 2908 1042 2966 Arimae
1085 2907 1234 2978 Rex,
1280 2903 1450 2960 frater
1493 2910 1630 2958 natu
1675 2902 1851 2976 major
1881 2898 2110 2967 Bartho-

532 3011 751 3083 lomaei,
788 3011 955 3087 Regis
990 3009 1248 3081 Omurae,
1289 3006 1509 3063 dudum
1546 3003 1844 3062 Christiani
1873 3023 1885 3058 :
1920 3001 2108 3058 adhuc

533 3113 791 3170 ethnicus
819 3111 914 3169 ille
947 3111 1178 3189 quidem
1209 3130 1239 3166 a
1271 3109 1460 3166 divina
1491 3117 1680 3165 tamen
1711 3104 1833 3182 lege
1863 3122 1978 3160 non
2012 3101 2110 3159 ab·

534 3213 796 3288 horrens,
828 3216 989 3290 cujus
1010 3212 1436 3273 sanctimoniam
1458 3220 1514 3268 et
1545 3230 1576 3266 a
1613 3208 1782 3266 fratre
1804 3226 1915 3264 non
1941 3203 2112 3265 semel
