<?xml version="1.0" encoding="UTF-8"?>
<!DOCTYPE html PUBLIC "-//W3C//DTD XHTML 1.0 Transitional//EN"
    "http://www.w3.org/TR/xhtml1/DTD/xhtml1-transitional.dtd">
<html xmlns="http://www.w3.org/1999/xhtml" xml:lang="en" lang="en">
 <head>
  <title>
</title>
<meta http-equiv="Content-Type" content="text/html;charset=utf-8" />
  <meta name='ocr-system' content='tesseract 3.04.00' />
  <meta name='ocr-capabilities' content='ocr_page ocr_carea ocr_par ocr_line ocrx_word'/>
</head>
<body>
  <div class='ocr_page' id='page_1' title='image "./epitomehistoriso02jouv_0242.png"; bbox 0 0 2232 3590; ppageno 0'>
   <div class='ocr_carea' id='block_1_1' title="bbox 150 1875 448 2051">
    <p class='ocr_par' dir='ltr' id='par_1_1' title="bbox 150 1875 448 2051">
     <span class='ocr_line' id='line_1_1' title="bbox 220 1875 444 1929; baseline 0.004 -12"><span class='ocrx_word' id='word_1_1' title='bbox 220 1875 419 1918; x_wconf 85' lang='lat' dir='ltr'>Badenses</span> <span class='ocrx_word' id='word_1_2' title='bbox 433 1909 444 1929; x_wconf 59' lang='lat' dir='ltr'><em>v</em></span> 
     </span>
     <span class='ocr_line' id='line_1_2' title="bbox 151 1942 448 1985; baseline 0.007 -2"><span class='ocrx_word' id='word_1_3' title='bbox 151 1942 338 1984; x_wconf 81' lang='lat' dir='ltr'>Ecclesiae</span> <span class='ocrx_word' id='word_1_4' title='bbox 365 1957 448 1985; x_wconf 83' lang='lat' dir='ltr'>res-</span> 
     </span>
     <span class='ocr_line' id='line_1_3' title="bbox 150 2007 277 2051; baseline 0.016 -2"><span class='ocrx_word' id='word_1_5' title='bbox 150 2007 277 2051; x_wconf 84' lang='lat' dir='ltr'>tituti.</span> 
     </span>
    </p>
   </div>
   <div class='ocr_carea' id='block_1_2' title="bbox 491 209 1386 272">
    <p class='ocr_par' dir='ltr' id='par_1_2' title="bbox 491 209 1386 272">
     <span class='ocr_line' id='line_1_4' title="bbox 491 209 1386 272; baseline 0.007 -6"><span class='ocrx_word' id='word_1_6' title='bbox 491 209 613 268; x_wconf 61' lang='lat'>2324</span> <span class='ocrx_word' id='word_1_7' title='bbox 1145 233 1386 272; x_wconf 81' lang='grc' dir='ltr'>ΕΡΙΤΟΜΕ</span> 
     </span>
    </p>
   </div>
   <div class='ocr_carea' id='block_1_3' title="bbox 481 335 2148 3179">
    <p class='ocr_par' dir='ltr' id='par_1_3' title="bbox 481 335 2148 1846">
     <span class='ocr_line' id='line_1_5' title="bbox 492 335 2062 418; baseline 0.004 -28"><span class='ocrx_word' id='word_1_8' title='bbox 492 335 747 393; x_wconf 86' lang='lat' dir='ltr'>maximis</span> <span class='ocrx_word' id='word_1_9' title='bbox 798 335 1086 394; x_wconf 83' lang='lat' dir='ltr'>Sociorum</span> <span class='ocrx_word' id='word_1_10' title='bbox 1135 338 1418 415; x_wconf 90' lang='lat' dir='ltr'>periculis.</span> <span class='ocrx_word' id='word_1_11' title='bbox 1491 339 1684 397; x_wconf 89' lang='lat' dir='ltr'>Rebus</span> <span class='ocrx_word' id='word_1_12' title='bbox 1745 340 1818 398; x_wconf 92' lang='lat' dir='ltr'>ad</span> <span class='ocrx_word' id='word_1_13' title='bbox 1868 359 2062 418; x_wconf 88' lang='lat' dir='ltr'>pacem</span> 
     </span>
     <span class='ocr_line' id='line_1_6' title="bbox 491 439 2063 514; baseline 0.004 -24"><span class='ocrx_word' id='word_1_14' title='bbox 491 445 682 511; x_wconf 88' lang='lat' dir='ltr'>postea</span> <span class='ocrx_word' id='word_1_15' title='bbox 713 446 768 493; x_wconf 92' lang='lat' dir='ltr'>et</span> <span class='ocrx_word' id='word_1_16' title='bbox 791 439 1144 496; x_wconf 82' lang='lat' dir='ltr'>concordiam</span> <span class='ocrx_word' id='word_1_17' title='bbox 1175 439 1434 499; x_wconf 81' lang='lat' dir='ltr'>adductis</span> <span class='ocrx_word' id='word_1_18' title='bbox 1458 487 1470 514; x_wconf 66' lang='lat'><em>7</em></span> <span class='ocrx_word' id='word_1_19' title='bbox 1498 443 1862 500; x_wconf 89' lang='lat' dir='ltr'>constitutum</span> <span class='ocrx_word' id='word_1_20' title='bbox 1893 451 1978 500; x_wconf 87' lang='lat' dir='ltr'>cst</span> <span class='ocrx_word' id='word_1_21' title='bbox 2003 441 2063 497; x_wconf 92' lang='lat' dir='ltr'>in</span> 
     </span>
     <span class='ocr_line' id='line_1_7' title="bbox 489 535 2065 619; baseline 0.004 -27"><span class='ocrx_word' id='word_1_22' title='bbox 489 535 684 595; x_wconf 84' lang='lat' dir='ltr'>eadem</span> <span class='ocrx_word' id='word_1_23' title='bbox 732 539 901 613; x_wconf 76' lang='lat' dir='ltr'>urbe7</span> <span class='ocrx_word' id='word_1_24' title='bbox 942 561 974 598; x_wconf 85' lang='lat' dir='ltr'>a</span> <span class='ocrx_word' id='word_1_25' title='bbox 1023 542 1288 619; x_wconf 77' lang='lat' dir='ltr'>Gregorio</span> <span class='ocrx_word' id='word_1_26' title='bbox 1343 544 1473 600; x_wconf 90' lang='lat' dir='ltr'>XIII</span> <span class='ocrx_word' id='word_1_27' title='bbox 1516 545 1885 602; x_wconf 79' lang='lat' dir='ltr'>Seminarium</span> <span class='ocrx_word' id='word_1_28' title='bbox 1933 542 2065 599; x_wconf 88' lang='lat' dir='ltr'>Ger-</span> 
     </span>
     <span class='ocr_line' id='line_1_8' title="bbox 487 640 2061 723; baseline 0.003 -29"><span class='ocrx_word' id='word_1_29' title='bbox 487 640 720 697; x_wconf 85' lang='lat' dir='ltr'>manicae</span> <span class='ocrx_word' id='word_1_30' title='bbox 766 643 1066 700; x_wconf 87' lang='lat' dir='ltr'>nobilitati.</span> <span class='ocrx_word' id='word_1_31' title='bbox 1101 643 1164 700; x_wconf 86' lang='lat' dir='ltr'>P.</span> <span class='ocrx_word' id='word_1_32' title='bbox 1199 644 1397 702; x_wconf 88' lang='lat' dir='ltr'>Petrus</span> <span class='ocrx_word' id='word_1_33' title='bbox 1427 645 1789 723; x_wconf 64' lang='lat' dir='ltr'>Loppertius,</span> <span class='ocrx_word' id='word_1_34' title='bbox 1822 646 2061 702; x_wconf 83' lang='lat' dir='ltr'>Romam</span> 
     </span>
     <span class='ocr_line' id='line_1_9' title="bbox 484 741 2066 819; baseline 0.003 -22"><span class='ocrx_word' id='word_1_35' title='bbox 484 741 770 819; x_wconf 89' lang='lat' dir='ltr'>profectus</span> <span class='ocrx_word' id='word_1_36' title='bbox 821 764 968 800; x_wconf 89' lang='lat' dir='ltr'>anno</span> <span class='ocrx_word' id='word_1_37' title='bbox 1011 763 1344 817; x_wconf 66' lang='lat' dir='ltr'>MDLxxxiv,</span> <span class='ocrx_word' id='word_1_38' title='bbox 1390 755 1453 802; x_wconf 93' lang='lat' dir='ltr'>ut</span> <span class='ocrx_word' id='word_1_39' title='bbox 1511 746 1772 805; x_wconf 89' lang='lat' dir='ltr'>molestas</span> <span class='ocrx_word' id='word_1_40' title='bbox 1825 745 2066 804; x_wconf 83' lang='lat' dir='ltr'>Abbatis</span> 
     </span>
     <span class='ocr_line' id='line_1_10' title="bbox 484 845 2064 925; baseline 0.002 -23"><span class='ocrx_word' id='word_1_41' title='bbox 484 845 525 902; x_wconf 93' lang='lat' dir='ltr'>F</span> <span class='ocrx_word' id='word_1_42' title='bbox 532 845 778 902; x_wconf 89' lang='lat' dir='ltr'>uldensis</span> <span class='ocrx_word' id='word_1_43' title='bbox 828 845 955 903; x_wconf 93' lang='lat' dir='ltr'>lites</span> <span class='ocrx_word' id='word_1_44' title='bbox 1008 866 1138 902; x_wconf 91' lang='lat' dir='ltr'>cum</span> <span class='ocrx_word' id='word_1_45' title='bbox 1200 847 1453 923; x_wconf 78' lang='lat' dir='ltr'>dynastis</span> <span class='ocrx_word' id='word_1_46' title='bbox 1509 847 1726 925; x_wconf 79' lang='lat' dir='ltr'>aliquot</span> <span class='ocrx_word' id='word_1_47' title='bbox 1780 847 2064 906; x_wconf 78' lang='lat' dir='ltr'>catholicis</span> 
     </span>
     <span class='ocr_line' id='line_1_11' title="bbox 483 949 2062 1027; baseline 0.001 -23"><span class='ocrx_word' id='word_1_48' title='bbox 483 958 872 1025; x_wconf 72' lang='lat' dir='ltr'>componeret7</span> <span class='ocrx_word' id='word_1_49' title='bbox 946 949 1200 1005; x_wconf 89' lang='lat' dir='ltr'>Pontifici</span> <span class='ocrx_word' id='word_1_50' title='bbox 1264 959 1508 1006; x_wconf 81' lang='lat' dir='ltr'>mentem</span> <span class='ocrx_word' id='word_1_51' title='bbox 1566 949 1712 1007; x_wconf 92' lang='lat' dir='ltr'>hanc</span> <span class='ocrx_word' id='word_1_52' title='bbox 1767 951 2062 1027; x_wconf 72' lang='lat' dir='ltr'>injecerat,</span> 
     </span>
     <span class='ocr_line' id='line_1_12' title="bbox 484 1048 2064 1130; baseline 0.002 -25"><span class='ocrx_word' id='word_1_53' title='bbox 484 1048 771 1107; x_wconf 86' lang='lat' dir='ltr'>affirmans</span> <span class='ocrx_word' id='word_1_54' title='bbox 796 1070 913 1107; x_wconf 91' lang='lat' dir='ltr'>rem</span> <span class='ocrx_word' id='word_1_55' title='bbox 943 1051 1234 1108; x_wconf 87' lang='lat' dir='ltr'>Germanis</span> <span class='ocrx_word' id='word_1_56' title='bbox 1267 1050 1621 1109; x_wconf 80' lang='lat' dir='ltr'>utilissimam</span> <span class='ocrx_word' id='word_1_57' title='bbox 1651 1062 1707 1110; x_wconf 91' lang='lat' dir='ltr'>et</span> <span class='ocrx_word' id='word_1_58' title='bbox 1740 1053 2064 1130; x_wconf 87' lang='lat' dir='ltr'>acceptissi-</span> 
     </span>
     <span class='ocr_line' id='line_1_13' title="bbox 484 1151 2065 1231; baseline 0.002 -25"><span class='ocrx_word' id='word_1_59' title='bbox 484 1171 634 1207; x_wconf 89' lang='lat' dir='ltr'>mam</span> <span class='ocrx_word' id='word_1_60' title='bbox 663 1151 811 1226; x_wconf 62' lang='lat' dir='ltr'>fore.</span> <span class='ocrx_word' id='word_1_61' title='bbox 838 1154 937 1229; x_wconf 88' lang='lat' dir='ltr'>qui</span> <span class='ocrx_word' id='word_1_62' title='bbox 961 1173 1092 1211; x_wconf 89' lang='lat' dir='ltr'>suos</span> <span class='ocrx_word' id='word_1_63' title='bbox 1122 1153 1332 1223; x_wconf 87' lang='lat' dir='ltr'>liberos</span> <span class='ocrx_word' id='word_1_64' title='bbox 1362 1173 1427 1211; x_wconf 92' lang='lat' dir='ltr'>eo</span> <span class='ocrx_word' id='word_1_65' title='bbox 1452 1153 1723 1212; x_wconf 89' lang='lat' dir='ltr'>libentius</span> <span class='ocrx_word' id='word_1_66' title='bbox 1744 1200 1758 1229; x_wconf 62' lang='lat'><strong>7</strong></span> <span class='ocrx_word' id='word_1_67' title='bbox 1785 1172 1899 1231; x_wconf 90' lang='lat' dir='ltr'>quo</span> <span class='ocrx_word' id='word_1_68' title='bbox 1927 1172 2065 1230; x_wconf 87' lang='lat' dir='ltr'>pro-</span> 
     </span>
     <span class='ocr_line' id='line_1_14' title="bbox 485 1254 2066 1334; baseline -0.001 -22"><span class='ocrx_word' id='word_1_69' title='bbox 485 1256 646 1332; x_wconf 74' lang='lat' dir='ltr'>pius,</span> <span class='ocrx_word' id='word_1_70' title='bbox 688 1255 825 1313; x_wconf 92' lang='lat' dir='ltr'>illuc</span> <span class='ocrx_word' id='word_1_71' title='bbox 853 1258 1156 1314; x_wconf 84' lang='lat' dir='ltr'>mitterent.</span> <span class='ocrx_word' id='word_1_72' title='bbox 1199 1257 1398 1334; x_wconf 89' lang='lat' dir='ltr'>Neque</span> <span class='ocrx_word' id='word_1_73' title='bbox 1428 1255 1718 1330; x_wconf 73' lang='lat' dir='ltr'>Pontifex,</span> <span class='ocrx_word' id='word_1_74' title='bbox 1761 1275 1861 1333; x_wconf 88' lang='lat' dir='ltr'>pro</span> <span class='ocrx_word' id='word_1_75' title='bbox 1903 1254 2066 1312; x_wconf 83' lang='lat' dir='ltr'>solita</span> 
     </span>
     <span class='ocr_line' id='line_1_15' title="bbox 483 1355 2148 1437; baseline -0.001 -23"><span class='ocrx_word' id='word_1_76' title='bbox 483 1359 542 1435; x_wconf 89' lang='lat' dir='ltr'>in</span> <span class='ocrx_word' id='word_1_77' title='bbox 583 1359 890 1417; x_wconf 88' lang='lat' dir='ltr'>Germanos</span> <span class='ocrx_word' id='word_1_78' title='bbox 941 1359 1322 1437; x_wconf 56' lang='lat' dir='ltr'>benignitate.</span> <span class='ocrx_word' id='word_1_79' title='bbox 1355 1358 1493 1416; x_wconf 89' lang='lat' dir='ltr'>utile</span> <span class='ocrx_word' id='word_1_80' title='bbox 1538 1359 1832 1417; x_wconf 89' lang='lat' dir='ltr'>consilium</span> <span class='ocrx_word' id='word_1_81' title='bbox 1862 1355 2064 1434; x_wconf 84' lang='lat' dir='ltr'>exequi</span> <span class='ocrx_word' id='word_1_82' title='bbox 2145 1378 2148 1381; x_wconf 91' lang='lat'><em>·</em></span> 
     </span>
     <span class='ocr_line' id='line_1_16' title="bbox 484 1457 2067 1539; baseline 0 -23"><span class='ocrx_word' id='word_1_83' title='bbox 484 1460 721 1519; x_wconf 84' lang='lat' dir='ltr'>distulit.</span> <span class='ocrx_word' id='word_1_84' title='bbox 779 1460 1141 1519; x_wconf 88' lang='lat' dir='ltr'>Metuebatur</span> <span class='ocrx_word' id='word_1_85' title='bbox 1197 1482 1269 1518; x_wconf 90' lang='lat' dir='ltr'>ne</span> <span class='ocrx_word' id='word_1_86' title='bbox 1320 1481 1523 1539; x_wconf 89' lang='lat' dir='ltr'>parum</span> <span class='ocrx_word' id='word_1_87' title='bbox 1577 1471 1732 1539; x_wconf 74' lang='lat' dir='ltr'>grata</span> <span class='ocrx_word' id='word_1_88' title='bbox 1791 1457 2067 1517; x_wconf 83' lang='lat' dir='ltr'>haereticis</span> 
     </span>
     <span class='ocr_line' id='line_1_17' title="bbox 482 1561 2058 1622; baseline -0.001 -3"><span class='ocrx_word' id='word_1_89' title='bbox 482 1562 772 1621; x_wconf 88' lang='lat' dir='ltr'>Pontificia</span> <span class='ocrx_word' id='word_1_90' title='bbox 833 1564 1140 1622; x_wconf 88' lang='lat' dir='ltr'>liberalitas</span> <span class='ocrx_word' id='word_1_91' title='bbox 1205 1563 1501 1622; x_wconf 88' lang='lat' dir='ltr'>accideret.</span> <span class='ocrx_word' id='word_1_92' title='bbox 1578 1564 1785 1621; x_wconf 85' lang='lat' dir='ltr'>Contra</span> <span class='ocrx_word' id='word_1_93' title='bbox 1853 1561 2058 1618; x_wconf 86' lang='lat' dir='ltr'>evenit.</span> 
     </span>
     <span class='ocr_line' id='line_1_18' title="bbox 482 1663 2062 1744; baseline -0.003 -20"><span class='ocrx_word' id='word_1_94' title='bbox 482 1666 638 1724; x_wconf 89' lang='lat' dir='ltr'>Missi</span> <span class='ocrx_word' id='word_1_95' title='bbox 687 1668 939 1724; x_wconf 90' lang='lat' dir='ltr'>certatim</span> <span class='ocrx_word' id='word_1_96' title='bbox 996 1687 1027 1723; x_wconf 88' lang='lat' dir='ltr'>a</span> <span class='ocrx_word' id='word_1_97' title='bbox 1084 1666 1414 1744; x_wconf 86' lang='lat' dir='ltr'>parentibus</span> <span class='ocrx_word' id='word_1_98' title='bbox 1471 1665 1636 1723; x_wconf 85' lang='lat' dir='ltr'>liberi</span> <span class='ocrx_word' id='word_1_99' title='bbox 1692 1663 2062 1722; x_wconf 87' lang='lat' dir='ltr'>Seminarium</span> 
     </span>
     <span class='ocr_line' id='line_1_19' title="bbox 481 1767 1523 1846; baseline -0.001 -22"><span class='ocrx_word' id='word_1_100' title='bbox 481 1767 780 1827; x_wconf 88' lang='lat' dir='ltr'>lectissima</span> <span class='ocrx_word' id='word_1_101' title='bbox 803 1773 1102 1846; x_wconf 87' lang='lat' dir='ltr'>juventute</span> <span class='ocrx_word' id='word_1_102' title='bbox 1125 1768 1523 1844; x_wconf 85' lang='lat' dir='ltr'>impleverunt.</span> 
     </span>
    </p>

    <p class='ocr_par' dir='ltr' id='par_1_4' title="bbox 483 1867 2139 3179">
     <span class='ocr_line' id='line_1_20' title="bbox 650 1867 2065 1946; baseline -0.002 -18"><span class='ocrx_word' id='word_1_103' title='bbox 650 1871 793 1928; x_wconf 87' lang='lat' dir='ltr'>Cum</span> <span class='ocrx_word' id='word_1_104' title='bbox 823 1869 1086 1927; x_wconf 81' lang='lat' dir='ltr'>Marchiae</span> <span class='ocrx_word' id='word_1_105' title='bbox 1116 1868 1383 1927; x_wconf 89' lang='lat' dir='ltr'>Badensis</span> <span class='ocrx_word' id='word_1_106' title='bbox 1415 1868 1682 1946; x_wconf 90' lang='lat' dir='ltr'>Princeps</span> <span class='ocrx_word' id='word_1_107' title='bbox 1714 1867 1864 1925; x_wconf 89' lang='lat' dir='ltr'>diem</span> <span class='ocrx_word' id='word_1_108' title='bbox 1898 1867 2065 1926; x_wconf 90' lang='lat' dir='ltr'>obiis-</span> 
     </span>
     <span class='ocr_line' id='line_1_21' title="bbox 485 1969 2064 2049; baseline -0.002 -19"><span class='ocrx_word' id='word_1_109' title='bbox 485 1982 567 2032; x_wconf 88' lang='lat' dir='ltr'>set</span> <span class='ocrx_word' id='word_1_110' title='bbox 616 1992 764 2029; x_wconf 89' lang='lat' dir='ltr'>anno</span> <span class='ocrx_word' id='word_1_111' title='bbox 812 1992 1067 2046; x_wconf 67' lang='lat' dir='ltr'>MDinx,</span> <span class='ocrx_word' id='word_1_112' title='bbox 1120 1972 1306 2029; x_wconf 83' lang='lat' dir='ltr'>Caesar</span> <span class='ocrx_word' id='word_1_113' title='bbox 1355 1974 1475 2049; x_wconf 88' lang='lat' dir='ltr'>ejus</span> <span class='ocrx_word' id='word_1_114' title='bbox 1523 1970 1671 2028; x_wconf 89' lang='lat' dir='ltr'>filios</span> <span class='ocrx_word' id='word_1_115' title='bbox 1720 1971 1780 2027; x_wconf 92' lang='lat' dir='ltr'>in</span> <span class='ocrx_word' id='word_1_116' title='bbox 1829 1969 2064 2028; x_wconf 88' lang='lat' dir='ltr'>tutelam</span> 
     </span>
     <span class='ocr_line' id='line_1_22' title="bbox 485 2074 2066 2134; baseline -0.002 0"><span class='ocrx_word' id='word_1_117' title='bbox 485 2075 719 2134; x_wconf 86' lang='lat' dir='ltr'>Alberto</span> <span class='ocrx_word' id='word_1_118' title='bbox 763 2076 908 2133; x_wconf 92' lang='lat' dir='ltr'>Duci</span> <span class='ocrx_word' id='word_1_119' title='bbox 958 2075 1204 2132; x_wconf 83' lang='lat' dir='ltr'>Bavariae</span> <span class='ocrx_word' id='word_1_120' title='bbox 1237 2074 1492 2132; x_wconf 88' lang='lat' dir='ltr'>tradidit.</span> <span class='ocrx_word' id='word_1_121' title='bbox 1540 2075 1769 2134; x_wconf 87' lang='lat' dir='ltr'>Lutheri</span> <span class='ocrx_word' id='word_1_122' title='bbox 1812 2075 2066 2132; x_wconf 88' lang='lat' dir='ltr'>doctrina</span> 
     </span>
     <span class='ocr_line' id='line_1_23' title="bbox 483 2178 2065 2258; baseline -0.001 -21"><span class='ocrx_word' id='word_1_123' title='bbox 483 2181 542 2237; x_wconf 91' lang='lat' dir='ltr'>in</span> <span class='ocrx_word' id='word_1_124' title='bbox 609 2181 834 2258; x_wconf 79' lang='lat' dir='ltr'>regione</span> <span class='ocrx_word' id='word_1_125' title='bbox 905 2180 1324 2254; x_wconf 83' lang='lat' dir='ltr'>dominabatur.</span> <span class='ocrx_word' id='word_1_126' title='bbox 1408 2178 1669 2236; x_wconf 86' lang='lat' dir='ltr'>Albertus</span> <span class='ocrx_word' id='word_1_127' title='bbox 1743 2179 2065 2237; x_wconf 87' lang='lat' dir='ltr'>existimans</span> 
     </span>
     <span class='ocr_line' id='line_1_24' title="bbox 485 2282 2067 2360; baseline 0.001 -21"><span class='ocrx_word' id='word_1_128' title='bbox 485 2282 735 2339; x_wconf 89' lang='lat' dir='ltr'>oblatam</span> <span class='ocrx_word' id='word_1_129' title='bbox 792 2284 1138 2341; x_wconf 89' lang='lat' dir='ltr'>occasionem</span> <span class='ocrx_word' id='word_1_130' title='bbox 1181 2282 1458 2341; x_wconf 84' lang='lat' dir='ltr'>haereseos</span> <span class='ocrx_word' id='word_1_131' title='bbox 1514 2283 1721 2360; x_wconf 87' lang='lat' dir='ltr'>injusto</span> <span class='ocrx_word' id='word_1_132' title='bbox 1772 2283 2067 2340; x_wconf 89' lang='lat' dir='ltr'>dominatu</span> 
     </span>
     <span class='ocr_line' id='line_1_25' title="bbox 486 2383 2064 2463; baseline 0 -20"><span class='ocrx_word' id='word_1_133' title='bbox 486 2383 825 2462; x_wconf 63' lang='lat' dir='ltr'>spoliandae7</span> <span class='ocrx_word' id='word_1_134' title='bbox 859 2386 972 2461; x_wconf 80' lang='lat' dir='ltr'>egit</span> <span class='ocrx_word' id='word_1_135' title='bbox 1003 2405 1132 2442; x_wconf 91' lang='lat' dir='ltr'>cum</span> <span class='ocrx_word' id='word_1_136' title='bbox 1173 2385 1239 2442; x_wconf 90' lang='lat' dir='ltr'>P.</span> <span class='ocrx_word' id='word_1_137' title='bbox 1276 2385 1514 2463; x_wconf 76' lang='lat' dir='ltr'>Georgio</span> <span class='ocrx_word' id='word_1_138' title='bbox 1552 2383 1861 2459; x_wconf 75' lang='lat' dir='ltr'>Schoritio7</span> <span class='ocrx_word' id='word_1_139' title='bbox 1903 2387 2064 2462; x_wconf 88' lang='lat' dir='ltr'>cujus</span> 
     </span>
     <span class='ocr_line' id='line_1_26' title="bbox 484 2485 2064 2561; baseline 0.001 -19"><span class='ocrx_word' id='word_1_140' title='bbox 484 2486 761 2544; x_wconf 88' lang='lat' dir='ltr'>industria</span> <span class='ocrx_word' id='word_1_141' title='bbox 792 2495 847 2543; x_wconf 91' lang='lat' dir='ltr'>et</span> <span class='ocrx_word' id='word_1_142' title='bbox 888 2485 1082 2543; x_wconf 89' lang='lat' dir='ltr'>labore</span> <span class='ocrx_word' id='word_1_143' title='bbox 1124 2506 1189 2543; x_wconf 95' lang='lat' dir='ltr'>eo</span> <span class='ocrx_word' id='word_1_144' title='bbox 1227 2487 1470 2544; x_wconf 85' lang='lat' dir='ltr'>deducta</span> <span class='ocrx_word' id='word_1_145' title='bbox 1506 2507 1593 2545; x_wconf 91' lang='lat' dir='ltr'>res</span> <span class='ocrx_word' id='word_1_146' title='bbox 1623 2497 1742 2561; x_wconf 69' lang='lat' dir='ltr'>est,</span> <span class='ocrx_word' id='word_1_147' title='bbox 1777 2487 2064 2544; x_wconf 89' lang='lat' dir='ltr'>adnitente</span> 
     </span>
     <span class='ocr_line' id='line_1_27' title="bbox 485 2586 2056 2667; baseline 0.001 -21"><span class='ocrx_word' id='word_1_148' title='bbox 485 2588 701 2646; x_wconf 90' lang='lat' dir='ltr'>Comite</span> <span class='ocrx_word' id='word_1_149' title='bbox 731 2586 1311 2665; x_wconf 72' lang='lat' dir='ltr'>Schwarzembergio7</span> <span class='ocrx_word' id='word_1_150' title='bbox 1344 2590 1759 2648; x_wconf 87' lang='lat' dir='ltr'>Marchionatus</span> <span class='ocrx_word' id='word_1_151' title='bbox 1789 2589 2056 2667; x_wconf 74' lang='lat' dir='ltr'>praeside3</span> 
     </span>
     <span class='ocr_line' id='line_1_28' title="bbox 486 2688 2058 2766; baseline 0.001 -20"><span class='ocrx_word' id='word_1_152' title='bbox 486 2699 550 2746; x_wconf 89' lang='lat' dir='ltr'>ut</span> <span class='ocrx_word' id='word_1_153' title='bbox 613 2689 771 2746; x_wconf 86' lang='lat' dir='ltr'>brevi</span> <span class='ocrx_word' id='word_1_154' title='bbox 823 2688 1166 2746; x_wconf 85' lang='lat' dir='ltr'>conficienda</span> <span class='ocrx_word' id='word_1_155' title='bbox 1229 2691 1540 2764; x_wconf 73' lang='lat' dir='ltr'>videretur7</span> <span class='ocrx_word' id='word_1_156' title='bbox 1601 2693 1707 2749; x_wconf 92' lang='lat' dir='ltr'>nisi</span> <span class='ocrx_word' id='word_1_157' title='bbox 1763 2692 2058 2766; x_wconf 75' lang='lat' dir='ltr'>nonnulli,</span> 
     </span>
     <span class='ocr_line' id='line_1_29' title="bbox 485 2793 2056 2870; baseline -0.001 -19"><span class='ocrx_word' id='word_1_158' title='bbox 485 2795 821 2852; x_wconf 89' lang='lat' dir='ltr'>amantiores</span> <span class='ocrx_word' id='word_1_159' title='bbox 856 2812 1015 2849; x_wconf 78' lang='lat' dir='ltr'>novae</span> <span class='ocrx_word' id='word_1_160' title='bbox 1046 2813 1217 2870; x_wconf 86' lang='lat' dir='ltr'>quam</span> <span class='ocrx_word' id='word_1_161' title='bbox 1248 2794 1447 2851; x_wconf 68' lang='lat' dir='ltr'>veteris</span> <span class='ocrx_word' id='word_1_162' title='bbox 1476 2803 1532 2851; x_wconf 91' lang='lat' dir='ltr'>et</span> <span class='ocrx_word' id='word_1_163' title='bbox 1567 2813 1716 2852; x_wconf 80' lang='lat' dir='ltr'>sanae</span> <span class='ocrx_word' id='word_1_164' title='bbox 1752 2793 2056 2867; x_wconf 68' lang='lat' dir='ltr'>doctrinae,</span> 
     </span>
     <span class='ocr_line' id='line_1_30' title="bbox 486 2896 2139 2974; baseline 0 -22"><span class='ocrx_word' id='word_1_165' title='bbox 486 2896 697 2954; x_wconf 87' lang='lat' dir='ltr'>litteras</span> <span class='ocrx_word' id='word_1_166' title='bbox 721 2897 1080 2953; x_wconf 84' lang='lat' dir='ltr'>extorsissent</span> <span class='ocrx_word' id='word_1_167' title='bbox 1110 2916 1141 2951; x_wconf 88' lang='lat' dir='ltr'>a</span> <span class='ocrx_word' id='word_1_168' title='bbox 1171 2896 1416 2969; x_wconf 70' lang='lat' dir='ltr'>Caesarc,</span> <span class='ocrx_word' id='word_1_169' title='bbox 1449 2917 1550 2974; x_wconf 87' lang='lat' dir='ltr'>per</span> <span class='ocrx_word' id='word_1_170' title='bbox 1572 2916 1712 2973; x_wconf 87' lang='lat' dir='ltr'>quas</span> <span class='ocrx_word' id='word_1_171' title='bbox 1746 2896 1969 2953; x_wconf 86' lang='lat' dir='ltr'>vetabat</span> <span class='ocrx_word' id='word_1_172' title='bbox 1991 2914 2063 2952; x_wconf 90' lang='lat' dir='ltr'>ne</span> <span class='ocrx_word' id='word_1_173' title='bbox 2134 2913 2139 2917; x_wconf 69' lang='grc'><strong><em>’</em></strong></span> 
     </span>
     <span class='ocr_line' id='line_1_31' title="bbox 488 3000 2062 3079; baseline -0.001 -21"><span class='ocrx_word' id='word_1_174' title='bbox 488 3001 628 3079; x_wconf 92' lang='lat' dir='ltr'>quid</span> <span class='ocrx_word' id='word_1_175' title='bbox 670 3003 939 3059; x_wconf 82' lang='lat' dir='ltr'>adversus</span> <span class='ocrx_word' id='word_1_176' title='bbox 983 3000 1285 3058; x_wconf 86' lang='lat' dir='ltr'>Lutherani</span> <span class='ocrx_word' id='word_1_177' title='bbox 1321 3000 1478 3058; x_wconf 85' lang='lat' dir='ltr'>verbi</span> <span class='ocrx_word' id='word_1_178' title='bbox 1513 3000 1795 3058; x_wconf 87' lang='lat' dir='ltr'>ministros</span> <span class='ocrx_word' id='word_1_179' title='bbox 1826 3008 2062 3056; x_wconf 87' lang='lat' dir='ltr'>tentare-</span> 
     </span>
     <span class='ocr_line' id='line_1_32' title="bbox 487 3098 2060 3179; baseline -0.004 -17"><span class='ocrx_word' id='word_1_180' title='bbox 487 3116 600 3165; x_wconf 92' lang='lat' dir='ltr'>tur.</span> <span class='ocrx_word' id='word_1_181' title='bbox 635 3106 736 3163; x_wconf 85' lang='lat' dir='ltr'>His</span> <span class='ocrx_word' id='word_1_182' title='bbox 760 3104 959 3162; x_wconf 87' lang='lat' dir='ltr'>litteris</span> <span class='ocrx_word' id='word_1_183' title='bbox 980 3103 1210 3161; x_wconf 86' lang='lat' dir='ltr'>allatum</span> <span class='ocrx_word' id='word_1_184' title='bbox 1236 3104 1457 3179; x_wconf 77' lang='lat' dir='ltr'>negotio</span> <span class='ocrx_word' id='word_1_185' title='bbox 1480 3102 1735 3159; x_wconf 87' lang='lat' dir='ltr'>nonnihil</span> <span class='ocrx_word' id='word_1_186' title='bbox 1767 3121 1956 3158; x_wconf 80' lang='lat' dir='ltr'>morae.</span> <span class='ocrx_word' id='word_1_187' title='bbox 1986 3098 2060 3157; x_wconf 92' lang='lat' dir='ltr'>At</span> 
     </span>
    </p>
   </div>
   <div class='ocr_carea' id='block_1_4' title="bbox 407 3203 2056 3283">
    <p class='ocr_par' dir='ltr' id='par_1_5' title="bbox 407 3203 2056 3283">
     <span class='ocr_line' id='line_1_33' title="bbox 407 3203 2056 3283; baseline -0.004 -20"><span class='ocrx_word' id='word_1_188' title='bbox 407 3232 411 3236; x_wconf 60' lang='lat'><strong><em>¹</em></strong></span> <span class='ocrx_word' id='word_1_189' title='bbox 489 3209 693 3279; x_wconf 58' lang='lat' dir='ltr'>Cacsar.</span> <span class='ocrx_word' id='word_1_190' title='bbox 751 3209 947 3265; x_wconf 88' lang='lat' dir='ltr'>certior</span> <span class='ocrx_word' id='word_1_191' title='bbox 1000 3226 1095 3283; x_wconf 79' lang='lat' dir='ltr'>per</span> <span class='ocrx_word' id='word_1_192' title='bbox 1144 3206 1206 3262; x_wconf 89' lang='lat' dir='ltr'>P.</span> <span class='ocrx_word' id='word_1_193' title='bbox 1257 3205 1592 3263; x_wconf 76' lang='lat' dir='ltr'>Sclioritium</span> <span class='ocrx_word' id='word_1_194' title='bbox 1641 3204 1817 3262; x_wconf 86' lang='lat' dir='ltr'>factus</span> <span class='ocrx_word' id='word_1_195' title='bbox 1862 3203 2056 3279; x_wconf 85' lang='lat' dir='ltr'>quanti</span> 
     </span>
    </p>
   </div>
  </div>
 </body>
</html>
