2232 3590
183 2151 267 2190 Rex
299 2144 451 2188 Sueciae

148 2212 334 2254 Pontifici
383 2212 451 2252 da*

147 2283 232 2320 tam
251 2278 368 2319 fidem
385 2276 453 2318 fal-

145 2342 209 2387 lit.

480 268 601 328 324
1144 267 1385 334 ΕΡῙΤΟΜΕ

640 391 704 449 Ρ.
741 391 982 452 Thomas
1013 394 1300 456 Cottamus
1330 400 1521 458 Romae
1552 411 1840 481 cooptatus
1863 405 1921 460 in
1949 404 2046 462 So-

479 497 732 554 cietatem
751 542 764 569 ,
798 506 853 554 et
884 500 1116 574 patriam
1147 510 1397 576 repetere
1427 515 1649 563 coactus
1683 515 1743 562 ut
1774 527 1804 563 e
1846 507 2044 562 morbo

479 599 870 673 revalesceret,
897 601 953 656 in
976 602 1097 678 ipso
1128 603 1283 658 aditu
1308 623 1338 658 a
1369 606 1653 680 proditore
1684 608 1966 680 detectuS,
1993 615 2050 664 et

479 704 656 759 arnico
686 703 863 759 nobili
907 704 1145 760 traditus
1184 703 1354 760 veluti
1389 706 1448 761 in
1484 710 1793 766 custodiam
1835 709 2046 781 fuerat,

478 805 577 881 qui
618 824 747 860 eum
796 805 1027 859 Praetori
1077 804 1449 879 Londinensi,
1502 828 1628 864 cum
1680 810 1822 867 foret
1871 828 2044 886 opUS‚

475 914 920 981 repraesentaret.
978 906 1297 963 Cottamum
1346 907 1440 965 ille
1507 908 1717 967 dimisit
1765 911 2009 967 liberum
2033 949 2057 982 ,-

476 1005 632 1063 nefas
668 1007 986 1065 existimans
1033 1028 1218 1065 creare
1266 1010 1581 1086 periculum
1624 1013 1940 1085 innocenti,
1988 1032 2054 1069 ac

476 1107 733 1164 futurum
779 1128 1007 1185 sperans
1042 1109 1181 1165 nihil
1231 1120 1293 1166 ut
1335 1112 1468 1169 inde
1511 1115 1746 1171 oriretur
1789 1114 2055 1190 gravioris

479 1209 632 1266 mali.
677 1208 852 1267 Aliter
892 1231 955 1268 ac
992 1212 1262 1289 putabat,
1305 1215 1508 1270 evenit.
1551 1216 1844 1293 Repetitur
1879 1216 1952 1271 ab
1991 1233 2056 1272 eo

479 1313 650 1372 semel
690 1314 1009 1391 iterumque
1051 1315 1376 1389 CottamUS,
1418 1338 1600 1394 poenae
1642 1339 1837 1396 graves
1871 1319 2062 1376 inten-

478 1424 693 1488 tantur,
727 1417 832 1474 nisi
860 1437 991 1473 eum
1023 1417 1178 1475 sistat
1207 1418 1279 1474 ad
1308 1419 1513 1476 dictam
1553 1419 1723 1477 diem.
1761 1420 1927 1493 Quod
1957 1419 2061 1476 ubi

480 1520 741 1597 cognovit
775 1521 1098 1595 Cottamus,
1145 1522 1293 1578 ultro
1321 1543 1378 1581 se
1399 1523 1693 1599 judicibus
1724 1523 1961 1597 obtulit,
1995 1532 2060 1581 ut

479 1622 652 1680 fidem
681 1643 711 1679 a
735 1622 876 1680 vade
899 1643 1000 1680 suo
1024 1624 1213 1681 datam
1245 1625 1529 1682 liberaret.
1560 1625 1709 1695 Quid
1733 1625 1830 1681 illo
1854 1623 2059 1682 deinde

478 1732 536 1780 et
562 1724 860 1800 Bosgravio
884 1724 1095 1780 facturn
1130 1725 1200 1781 sit
1224 1735 1416 1801 postea
1443 1716 1868 1783 memorabitur.

646 1826 781 1881 Haec
815 1824 1044 1881 fuerunt
1078 1826 1384 1901 primordia
1417 1827 1695 1885 Missionis
1725 1827 2020 1887 laboriosae
2041 1874 2056 1903 ,

482 1950 610 2008 quae
641 1930 856 2006 magnis
886 1938 1047 1985 aucta
1080 1929 1469 2003 incrementis,
1503 1939 1585 1986 tot
1617 1929 1874 1988 Ecclesiae
1906 1951 2061 1987 mar-

482 2043 636 2112 tyres
653 2078 666 2105 ,
692 2041 775 2088 tot
803 2031 1000 2089 heroas
1031 2030 1286 2088 Societati
1312 2042 1517 2090 nostrae
1541 2032 1718 2089 dedit.
1756 2033 1882 2090 Non
1911 2032 2059 2089 idem

486 2138 545 2193 in
586 2135 781 2192 Suecia
820 2134 1098 2192 Missionis
1132 2135 1312 2192 exitus
1342 2143 1398 2191 et
1426 2134 1733 2191 Pontificiae
1767 2134 2060 2212 legationis

490 2239 614 2296 fuit.
661 2238 1025 2310 Possevinus,
1065 2257 1291 2314 operam
1325 2237 1548 2294 inanem
1582 2238 1639 2293 in
1669 2238 1821 2316 Rege
1851 2238 2062 2295 Sueciae

492 2341 638 2401 sumi
668 2338 893 2413 videns,
937 2330 1162 2416 ad'ejus
1196 2338 1379 2396 filium
1409 2338 1834 2415 Sigismundum
1855 2384 1869 2412 ,
1902 2340 2066 2396 item-

489 2463 602 2522 que
630 2443 902 2520 Reginam
935 2443 994 2498 in
1023 2462 1152 2499 vera
1182 2441 1296 2499 fide
1327 2442 1770 2500 confirmandam
1800 2452 1980 2500 totum
2005 2462 2064 2501 se
2098 2474 2103 2477 ·

488 2547 790 2619 convertit,
823 2565 887 2603 ac
910 2554 1128 2602 tantum
1161 2547 1219 2601 in
1242 2555 1485 2623 utroque
1513 2545 1748 2624 profecit
1777 2555 1840 2603 ut
1870 2546 2063 2622 religio

489 2650 792 2722 catholica,
852 2647 1124 2706 fremente
1184 2649 1564 2724 nequicquam
1623 2648 1774 2723 Rege
1835 2647 1893 2702 in
1943 2649 2064 2723 ejus

488 2751 666 2808 oculis
697 2750 868 2808 veluti
912 2747 1305 2826 triumpharet.
1356 2749 1481 2825 Ipse
1523 2757 1713 2804 contra
1756 2747 2064 2805 catholico-

487 2875 616 2912 rum
666 2853 980 2931 deprimere
1029 2861 1249 2930 partes,
1295 2860 1351 2908 et
1393 2849 1465 2906 ab
1510 2850 1575 2907 iis
1610 2849 1790 2906 filium
1828 2848 2068 2906 avellere

488 2958 790 3030 laborans,
837 2955 1072 3032 cogebat
1110 2953 1270 3010 illum
1321 2951 1652 3009 Lutheranis
1699 2950 2064 3008 concionibus

490 3081 553 3118 ac
595 3059 842 3137 profanis
881 3057 1205 3115 ceremoniis
1239 3056 1524 3112 interesse.
1569 3054 1782 3111 Morem
1813 3052 2065 3130 aliquan-

490 3161 587 3217 diu
619 3162 882 3238 Princeps
912 3159 1270 3232 adolescens,
1317 3158 1445 3215 licet
1474 3156 1836 3213 invitissimus
1869 3154 2057 3231 gessit.

490 3266 697 3324 Verum
741 3265 843 3323 ubi
886 3264 1102 3323 audivit
1143 3283 1175 3320 a
1218 3262 1395 3320 Matre
1435 3267 1646 3337 quanto
1677 3255 1924 3335 periculo
1963 3271 2065 3313 suo
