2232 3590
492 263 765 300 msromAE
807 263 1127 302 SOCIETATIS
1170 267 1320 306 JESU.
1569 251 1688 311 233

131 362 467 421 Catholicam
489 410 502 437 ,
530 386 671 442 quos
699 366 887 422 videre
915 366 1044 424 licet
1071 368 1129 422 in
1149 367 1498 435 ,Bibliotheca
1523 375 1690 451 scrip-

127 473 308 520 torum
355 465 659 523 Societatis.
715 466 892 523 Simul
942 469 1107 524 etiam
1148 468 1377 527 fuerunt
1420 476 1690 532 aedificata

127 563 353 640 collegia
384 565 643 642 (officinae
672 566 929 624 videlicet
959 568 1059 624 ubi
1083 569 1202 626 haec
1231 590 1380 627 arma
1401 617 1414 644 ,
1441 575 1691 650 religioni

125 664 492 723 defendendae
534 669 872 741 necessaria,
917 669 1333 749 procuduntur)
1376 672 1583 746 Hallae,
1627 696 1691 732 ac

125 767 321 823 Fuldae
364 770 420 824 in
472 769 795 841 Germania,
843 769 1236 847 Calatajeronae
1277 773 1336 829 in
1386 772 1595 845 Sicilia,
1639 784 1694 831 et

127 866 405 925 Camberii
434 870 492 925 in
521 870 821 928 Sabaudia.

289 969 618 1046 Magdalena
676 981 730 1028 et
786 971 1027 1044 Helena,
1086 973 1318 1031 Caesaris
1377 974 1507 1031 filiae
1566 995 1695 1032 cum

132 1069 355 1128 Hallam
379 1072 592 1130 Sueviae
617 1074 841 1146 urbem,
867 1073 1373 1150 proficiscerentur,
1394 1076 1502 1133 sub
1525 1076 1695 1133 finem

132 1173 262 1227 anni
293 1193 514 1229 MDLXIX
555 1193 892 1251 magnopere
928 1184 1222 1251 optarunt,
1264 1185 1326 1231 ut
1369 1177 1695 1234 Societatem

130 1295 300 1350 quam
344 1295 564 1332 morum
616 1285 671 1333 et
710 1277 925 1333 eximiae
955 1279 1174 1354 pietatis
1218 1277 1487 1335 hactenus
1530 1282 1698 1356 magi·

129 1383 298 1432 stram
331 1375 672 1448 habuerant,
709 1396 897 1434 secum
928 1377 1149 1434 Hallam
1180 1378 1528 1436 inducerent.
1559 1380 1699 1436 Con-

131 1478 267 1534 cessi
321 1487 453 1534 sunt
492 1479 814 1555 petentibus
857 1478 1071 1555 aliquot
1112 1479 1285 1551 Socii,
1330 1480 1540 1556 quibus
1588 1480 1699 1536 illae

131 1579 360 1635 domum
407 1600 470 1635 ac
514 1579 788 1656 templum
833 1589 1025 1657 postea
1069 1582 1371 1637 donarunt.
1412 1582 1516 1637 Hic
1546 1591 1700 1638 ortus

131 1681 408 1740 Hallensis
440 1681 669 1759 Collegii
699 1681 824 1738 fuit.
861 1681 1139 1739 Fuldense
1167 1682 1337 1760 paulo
1367 1683 1612 1755 tardius,
1647 1691 1702 1739 et

134 1782 241 1839 hoc
282 1793 505 1840 tantum
549 1802 695 1839 anno
736 1782 964 1859 prodiit.
1012 1783 1226 1854 Fulda,
1274 1783 1547 1860 oppidum
1591 1803 1703 1839 am-

131 1886 291 1965 plum
339 1886 411 1942 ad
449 1886 689 1942 fluvium
730 1883 1151 1959 cognominem,
1184 1884 1328 1940 inter
1357 1884 1703 1959 Moguntiam

133 2001 189 2048 et
211 1988 520 2045 Erfordiam
552 1987 671 2063 pari
702 1984 875 2042 ferme
904 1984 1193 2040 intervallo
1222 1985 1389 2040 situm
1408 2028 1421 2055 ,
1449 1983 1582 2039 olim
1613 2004 1707 2040 na-

133 2102 257 2148 tum
280 2101 364 2148 est
391 2111 421 2147 e
454 2089 709 2146 coenobio
735 2087 1098 2144 Monacorum
1130 2085 1186 2141 S.
1221 2085 1538 2153 Benedicti,
1571 2104 1707 2160 quo-

132 2214 259 2249 rum
285 2192 420 2247 ditio
451 2199 505 2247 et
526 2189 824 2246 auctoritas
853 2189 928 2244 ita
958 2195 1225 2257 creverat,
1260 2195 1324 2241 ut
1347 2184 1541 2242 Abbas
1563 2186 1707 2242 inter

134 2294 358 2370 Imperii
387 2293 669 2368 Principes
697 2297 1106 2347 numeraretur.
1137 2287 1375 2363 Illapsa,
1409 2287 1541 2342 vitio
1573 2296 1706 2342 tem-

137 2415 339 2472 porum
365 2440 379 2467 ,
426 2395 482 2450 in
526 2393 728 2450 urbem
776 2391 1000 2448 haeresis
1037 2410 1067 2447 e
1104 2390 1440 2466 Thuringia,
1480 2390 1703 2463 Hassia,

137 2500 402 2572 Saxonia,
455 2517 583 2574 quae
622 2496 862 2553 Fuldam
907 2495 1352 2565 circumsistunt,
1400 2502 1463 2549 ut
1516 2492 1708 2549 infelix

136 2600 331 2657 lolium
359 2618 527 2676 quam
552 2597 836 2654 celerrime
859 2606 1237 2653 succreverat:
1261 2595 1348 2651 cui
1374 2594 1707 2652 demetendo

141 2701 467 2757 Societatem
508 2700 790 2756 arcessivit
818 2696 1013 2754 Abbas
1052 2697 1546 2774 prudentissimus,
1578 2695 1710 2752 Bal-

139 2802 328 2860 thasar
367 2803 777 2860 Dernbachius.
829 2800 999 2879 Apud
1048 2802 1235 2877 ipsum
1285 2799 1498 2875 aliquot
1531 2799 1704 2870 Socii,

142 2906 296 2962 velut
338 2906 396 2960 in
434 2906 701 2978 statione,
750 2912 1106 2975 manserunt,
1147 2903 1327 2958 donec
1369 2900 1439 2956 de
1479 2898 1707 2974 collegio

141 3007 560 3082 transigeretur,
593 3007 746 3081 quod
776 3007 1006 3063 biennio
1037 3015 1164 3083 post
1195 3003 1519 3061 absolutum
1550 3003 1709 3058 deni-

147 3128 257 3185 que
289 3128 353 3164 ac
384 3105 691 3164 stabilitum
723 3118 834 3180 est,
870 3127 984 3164 non
1021 3108 1137 3165 sine
1167 3107 1320 3183 gravi
1357 3124 1481 3161 cum
1520 3104 1710 3160 vicinis

146 3209 501 3286 Principibus
570 3208 842 3268 haereseos
900 3209 1148 3286 patronis
1213 3205 1594 3277 dimicatione,
1657 3213 1712 3260 et

1766 982 1990 1037 Collegium

1814 1049 1940 1090 Hallae
1953 1079 1966 1102 ,

1778 1801 1818 1836 et
1837 1794 1987 1836 Fuldae.
