2232 3590
481 247 561 309 98
1149 263 1389 301 ΕΡιΤοΜΕ

428 411 437 422 ,ν
481 372 619 429 dum
670 369 884 427 alumni
941 369 1218 440 veritatis,
1272 386 1420 444 saepe
1474 364 1547 422 ad
1597 365 1791 442 viginti
1842 362 2045 434 millia,

481 472 919 544 concurrebant,
953 470 1308 528 auscultandi
1353 488 1540 540 causa,
1589 485 1815 542 unoque
1858 481 2051 522 omnes

480 596 574 635 ore
616 576 965 635 testabantur
994 594 1181 651 parem
1224 571 1523 628 Edmundo
1567 571 1623 625 in
1670 567 1847 625 Gallia
1884 565 2051 623 audi-

481 689 601 737 tum
634 679 821 735 adhuc
850 697 969 735 esse
998 677 1302 733 nerninem.

175 794 384 847 Tolosam,
407 801 448 835 et
645 783 772 838 Non
802 780 951 835 inani
989 777 1190 853 plausu
1228 785 1282 832 et
1315 776 1485 833 sterili
1522 775 1887 832 admiratione
1917 790 2055 828 con-

149 860 415 902 Rhuteuensis
517 884 526 894 ·
913 881 922 890 ·
1077 879 1087 886 ·
1158 878 1187 887 ··
1750 881 1759 889 .
2014 873 2022 881 ·

148 925 318 981 Collegii
371 925 446 967 ini·
483 902 667 941 clones
709 883 954 938 Oratoris
1005 898 1192 934 eximii
1243 876 1644 936 laudabantur.
1702 878 1831 954 Ejus
1874 873 2059 931 verbis

147 989 218 1034 tia.
481 984 699 1043 excitati
734 980 990 1038 catholici
1035 989 1332 1036 erexerunt
1376 999 1494 1036 sese
1529 990 1584 1036 et
1620 981 2056 1047 confirmarunt,

480 1085 869 1142 haereticorum
923 1082 1215 1139 audaciam
1273 1092 1692 1159 represserunt,
1731 1081 2058 1159 praesidium

482 1186 727 1263 denique
756 1194 946 1242 contra
976 1185 1196 1262 pietatis
1231 1184 1418 1241 hostes
1448 1205 1477 1241 a
1508 1184 1778 1241 Societate
1799 1182 2056 1260 postula-

480 1299 643 1364 runt,
678 1288 987 1365 pracsertim
1012 1286 1273 1344 Tolosani
1307 1307 1370 1343 ac
1404 1287 1815 1345 Rhutenenses.
1852 1285 2063 1343 Auctor

480 1393 802 1470 praecipuus
838 1391 1134 1467 utriusque
1171 1389 1387 1467 collegii
1431 1389 1538 1447 fuit
1570 1391 1842 1467 Georgius
1873 1388 2062 1446 Cardi-

481 1493 624 1551 nalis
649 1492 1033 1565 ArmeniacUS,
1062 1492 1277 1549 Tolosae
1301 1491 1768 1571 Archiepiscopus
1798 1495 2064 1569 idemque

481 1596 790 1674 Episcopus
821 1595 1236 1652 Rhutenorum.
1268 1594 1574 1653 Tolosanos
1598 1594 1824 1672 Augerii
1854 1595 2062 1664 virtus,

480 1708 537 1757 et
561 1698 786 1756 dicendi
809 1697 1043 1768 facultas
1068 1696 1313 1754 multum
1336 1697 1573 1773 adjuvit.
1606 1697 1726 1769 Illi,
1760 1698 2064 1753 Doctorum

481 1800 929 1858 academicorum
967 1808 1175 1872 coetus,
1219 1800 1388 1857 missa
1430 1800 1706 1876 legatione
1741 1798 2066 1876 perhonori-

481 1904 619 1976 fica,
675 1905 928 1960 Doctoris
970 1902 1208 1979 gradum
1264 1912 1319 1958 et
1361 1903 1599 1980 insignia
1652 1901 1874 1959 detulit.
1928 1903 2067 1973 Quae

484 2028 611 2065 cum
636 2008 720 2064 vir
742 2006 1188 2063 modestissimus
1212 2004 1464 2081 benigne
1494 2013 1831 2075 recusasset,
1867 2004 2066 2075 oravit,

484 2118 549 2167 ut
571 2129 742 2187 quam
767 2109 874 2167 sibi
896 2108 1153 2186 privatim
1174 2107 1567 2184 significabant
1591 2106 2066 2178 benevolentiam,

486 2213 804 2272 conferrent
843 2215 900 2270 in
945 2214 1262 2270 universam
1304 2211 1656 2268 Societatem.
1708 2208 1773 2265 Id
1824 2228 1953 2265 vero
1991 2207 2065 2264 ab

488 2315 689 2374 iisdem
722 2315 1006 2372 cumulate
1047 2314 1256 2370 factum
1286 2313 1394 2368 fuit
1432 2335 1442 2368 :
1480 2332 1723 2388 cumque
1754 2312 1944 2368 Patres
1976 2332 2071 2367 an-

491 2430 653 2499 guste
703 2430 870 2497 atque
919 2417 1276 2477 incommode
1324 2415 1678 2484 habitarent,
1719 2413 1954 2470 Senatus
2005 2434 2069 2470 ac

492 2523 694 2600 reliqui
726 2524 871 2580 cives
903 2521 1100 2578 collata
1138 2518 1335 2596 grandi
1378 2517 1644 2595 pecunia,
1679 2515 1828 2573 aedes
1861 2517 2071 2591 magni—

493 2625 628 2682 ficas
658 2628 1012 2697 coemerunt,
1046 2623 1342 2698 missisque
1373 2619 1445 2675 ad
1474 2620 1684 2696 Regem
1728 2618 2067 2691 oratoribus,

494 2729 545 2786 ei
578 2727 905 2803 collegium,
940 2726 1091 2803 quod
1125 2723 1367 2781 haeretici
1405 2722 1722 2780 disturbare
1760 2720 2072 2776 molieban-

495 2829 612 2892 tur,
666 2821 825 2876 enixe
876 2817 1370 2886 commendarunt,
1425 2833 1662 2889 eamque
1718 2812 1791 2868 ob
1846 2831 2070 2868 causam

495 2922 733 2979 Parisios
769 2920 1102 2977 Edmundus
1138 2920 1257 2996 ipse
1288 2915 1591 2974 contendit.
1628 2915 1753 2972 Non
1785 2913 2072 2971 dissimilia

497 3025 727 3083 fuerunt
766 3023 919 3101 apud
961 3022 1253 3079 Rhutenos
1283 3021 1543 3077 ordinum
1587 3018 1837 3074 omnium
1873 3018 1930 3071 in
1969 3024 2074 3073 sta-

499 3128 751 3185 biliendo
793 3125 1023 3202 collegio
1058 3124 1272 3196 studia,
1310 3141 1437 3199 quae
1472 3120 1608 3176 fovit
1637 3118 1854 3195 egregie
1887 3117 2074 3175 Cardi—

504 3231 644 3289 nalis
682 3229 985 3288 Armeniaci
1017 3245 1300 3286 successor
1329 3224 1577 3282 Jacobus
1608 3224 1679 3279 de
1713 3220 2069 3279 Corneilhan.
