2232 3590
486 285 756 321 ms'romffi
797 283 1116 322 socmrArrs
1160 287 1309 325 JESU.
1571 266 1689 325 267

139 384 393 441 Societati
447 384 841 441 moderandam
889 385 1138 441 tradidit.
1193 386 1470 460 Aletium,
1524 409 1691 465 quam
1730 402 1769 438 et
1793 397 1921 438 Aletii.

137 485 370 560 Lupiam
403 486 657 541 nonnulli
701 495 901 541 vocant
929 487 1118 543 civitas
1148 496 1231 543 est
1259 486 1442 562 ampla
1474 498 1527 545 et
1549 508 1696 564 opu-

138 585 284 640 lenta
321 586 377 641 in
421 587 586 643 veteri
620 585 874 642 Calabria
897 632 910 659 ⁷
946 587 1324 643 Brundusium
1359 589 1501 644 inter
1529 599 1698 666 atque

138 686 501 764 Hydruntum
522 732 535 759 7
561 698 753 743 octavo
784 708 814 744 a
846 689 983 744 mari
1013 687 1219 764 lapide.
1254 687 1455 744 Missus
1485 688 1546 744 P.
1576 689 1700 745 Ber-

135 787 404 845 nardinus
447 788 738 860 Realinus7
785 791 882 865 qui
927 809 1055 845 cum
1101 788 1317 846 civibus
1356 788 1427 845 de
1470 787 1699 864 collegio

137 892 462 968 transigeret
479 938 492 965 ·„
518 893 737 949 initium
764 891 1044 948 domicilio
1069 890 1224 947 dedit
1241 935 1254 962 -,
1280 891 1338 946 in
1361 908 1475 966 quo
1499 887 1701 945 deinde

137 1011 264 1048 cum
307 994 601 1070 singularis
643 994 902 1070 opinione
945 994 1248 1049 sanctitatis
1282 993 1449 1047 vitam
1490 990 1703 1047 virtuti·

136 1090 245 1150 bus
289 1104 343 1151 et
376 1095 656 1151 miraculis
697 1093 1047 1150 nobilitatam
1088 1092 1157 1147 ad
1190 1101 1499 1149 extremum
1526 1110 1705 1167 usque

136 1197 350 1253 senium
381 1197 561 1254 duxit.

289 1360 510 1406 Annus
544 1357 786 1406 Clu-isti
822 1355 1025 1403 1575:
1064 1352 1407 1401 societatis
1444 1352 1548 1399 36.

304 1501 525 1572 Quanto
547 1502 824 1577 digniores
847 1508 978 1558 sunt
1001 1497 1480 1556 commiseratione
1504 1495 1706 1568 Graeci,

144 1601 241 1676 qui
271 1601 504 1658 desertae
526 1603 806 1679 religionis
827 1610 1019 1679 poenas
1042 1611 1154 1657 tam
1179 1619 1372 1676 graves
1403 1600 1711 1655 etiamnum

141 1701 429 1777 pendunt;
465 1712 618 1759 tanto
649 1703 972 1779 diligentius
993 1748 1007 1774 7
1041 1721 1460 1778 quamcumque
1497 1701 1710 1776 potuit,

142 1803 253 1860 illis
282 1804 480 1862 afferre
516 1824 678 1882 opem
718 1806 970 1860 Romana
1005 1803 1246 1860 Ecclesia
1289 1802 1583 1859 laboravit.
1627 1800 1716 1858 Ad

143 1925 237 1963 eos
287 1908 436 1964 misit
486 1905 792 1963 identidem
846 1923 1132 1981 praecones
1185 1903 1462 1972 veritatis3
1520 1903 1617 1978 qui
1661 1912 1716 1959 et

145 2010 395 2085 ipsorum
427 2008 772 2065 discuterent
802 2007 1063 2064 tenebras
1084 2051 1097 2078 a
1130 2015 1186 2062 et
1214 2023 1492 2061 aerumnas
1518 2003 1714 2061 suble·
1822 2008 2045 2081 Collegiurn

146 2118 339 2166 varent
378 2131 389 2165 :
436 2111 502 2167 iis
553 2110 797 2186 denique
846 2108 1190 2164 domicilium
1248 2108 1424 2163 Roma
1474 2106 1711 2179 obtulit7
1751 2077 2047 2182 gzalffgcrumin

150 2213 449 2270 constituto
508 2211 832 2268 Graecorum
902 2211 1154 2286 collegio,
1225 2210 1407 2286 Hujus
1466 2209 1718 2266 conditor

151 2316 450 2392 Gregorius
474 2315 634 2385 XIII,
672 2313 923 2371 habebat
961 2315 1020 2369 in
1050 2313 1235 2368 animo
1266 2309 1518 2387 ejusdem
1548 2310 1720 2365 admi-

150 2418 531 2474 nistrationem
580 2415 839 2472 Societati
895 2414 1260 2470 committere.
1298 2411 1408 2468 Sed
1443 2411 1550 2467 hoc
1578 2430 1720 2468 onus

153 2520 330 2576 varias
367 2518 441 2574 ob
473 2536 667 2574 causas
697 2517 1025 2594 deprecatus
1062 2523 1145 2572 est
1178 2514 1517 2589 Praepositus
1549 2512 1722 2568 Gene-

153 2621 317 2693 ralis7
358 2621 646 2696 oravitque
687 2628 750 2675 ut
791 2617 912 2674 aliis
953 2617 1406 2674 demandaretur.
1463 2613 1549 2669 Illi
1592 2631 1721 2670 vero

158 2743 283 2779 cum
316 2742 416 2780 suo
454 2741 684 2779 munere
707 2740 906 2797 parum
938 2718 1133 2776 sedulo
1165 2717 1562 2792 fungerentur.3
1598 2731 1722 2790 pro-

158 2825 394 2880 vinciam
439 2824 582 2880 hanc
618 2823 872 2879 Societati
918 2821 1216 2897 Gregorius
1253 2819 1379 2875 XIV
1419 2816 1719 2893 imposuit,

159 2925 350 2982 relicta
407 2925 723 2981 domesticae
781 2925 857 2980 rei
897 2934 951 2980 et
1002 2922 1329 2979 nummarias
1372 2939 1503 2975 cura
1553 2935 1725 2994 penes

163 3027 436 3103 quosdam
473 3035 725 3083 externos
768 3025 1270 3082 administratores:
1315 3020 1413 3096 qui
1445 3038 1573 3075 cum
1601 3017 1725 3074 lites

164 3128 415 3206 quotidie
484 3125 743 3184 molestas
810 3136 866 3184 et
936 3125 1336 3184 controversias
1398 3127 1719 3189 moverent3

168 3230 382 3306 collegii
423 3229 883 3306 gubernationem
933 3228 1174 3285 Societas
1211 3243 1338 3281 cum
1377 3221 1523 3279 bona
1568 3219 1725 3278 venia
