2232 3590
483 255 753 292 fflsroffiAE
795 255 1113 293 soc1ETAT1s
1159 260 1308 297 JEsU.
1548 243 1668 302 209

103 361 357 417 futurum
387 367 524 416 erat.
559 357 712 415 Idem
734 356 870 414 alios
900 378 930 414 e
968 357 1138 416 Sociis
1169 360 1435 436 imposuit
1471 364 1665 438 classi,

105 478 273 538 quam
307 458 551 516 ‚Ioannes
590 459 914 515 Austriacus
964 460 1022 514 in
1065 459 1420 536 Hispaniam,
1467 465 1536 520 ad
1590 486 1670 523 se-

104 559 317 616 dandas
377 558 675 616 rebellium
733 559 1158 617 Granatensium
1229 562 1424 621 turbas
1493 567 1668 624 duce-

102 661 201 718 bat
234 682 245 715 ;
295 661 430 719 alios
463 661 708 737 denique
744 660 974 739 collegio
1020 662 1555 722 Poenitentiariorum
1595 668 1663 724 ad

102 761 158 818 S.
194 762 424 819 Petrum
455 761 724 839 praefecit.

262 861 445 939 Hujus
490 862 705 938 collegii
746 863 867 920 haec
909 865 1061 940 origo
1110 864 1386 942 proditur.
1434 866 1669 923 Romani

99 962 394 1021 Pontifices
424 968 541 1040 jam
583 965 801 1040 pridem
843 966 1198 1023 instituerant
1238 968 1669 1026 contubernium

101 1064 363 1121 undecim
389 1065 776 1137 sacerdotum,
811 1067 908 1141 qui
942 1064 1259 1142 Apostolico
1283 1069 1462 1126 Sacrae
1492 1069 1672 1127 Poeni-

102 1167 290 1224 tentiae
320 1166 440 1223 foro
470 1175 793 1243 praeessent.
829 1167 1197 1226 Contubernii
1228 1170 1343 1227 dux
1379 1183 1433 1228 et
1463 1159 1672 1231 Praeses

101 1277 219 1324 erat
255 1267 592 1339 Cardinalis,
639 1266 802 1324 titulo
843 1268 1238 1327 poenitentiarii
1282 1272 1504 1348 Majoris
1545 1276 1673 1331 insi—

100 1369 309 1445 gnitus.
358 1368 437 1424 Ex
480 1368 631 1424 omni
673 1368 787 1426 fere
829 1367 1127 1428 Christiani
1169 1374 1407 1431 nominis
1449 1377 1672 1434 natione

101 1469 492 1546 deligebantur
521 1471 797 1547 ejusmodi
821 1471 1175 1547 Sacerdotes,
1204 1486 1264 1530 ut
1286 1475 1468 1532 fidelis
1496 1497 1674 1555 popu-

99 1569 223 1644 lus,
262 1571 400 1627 dum
441 1581 689 1628 sanctam
726 1574 784 1627 in
815 1572 1027 1629 Urbem
1064 1574 1318 1651 undique
1359 1579 1669 1650 concurrit,

99 1673 423 1732 Sacerdotes
463 1675 624 1750 patrii
665 1675 935 1732 sermonis
983 1695 1185 1752 gnaros
1214 1677 1505 1734 inveniret.
1535 1677 1674 1734 Par-

98 1778 201 1834 tim
238 1798 268 1835 e
310 1777 486 1851 cler0,
535 1779 738 1856 partim
783 1798 815 1835 e
857 1778 1126 1835 coenobiis
1169 1778 1573 1852 sumebantur,
1618 1789 1675 1837 et

99 1880 250 1939 Italis
292 1880 446 1953 bini,
480 1880 601 1936 bini
636 1878 838 1946 Gallis,
883 1878 1117 1934 totidem
1155 1878 1417 1955 Hispanis
1447 1898 1673 1956 operam

100 1982 348 2053 dabant,
389 2001 536 2039 unus
567 1980 792 2058 Anglis,
839 1979 1051 2052 Scotis,
1093 1989 1149 2036 et
1190 1979 1485 2050 Hibernis,
1527 1999 1676 2038 1111115

98 2088 232 2144 item
261 2085 516 2157 Polonis,
552 2084 839 2154 Bohemis,
879 2093 934 2138 et
975 2081 1198 2158 Illyriis.
1239 2081 1373 2138 Tres
1415 2079 1506 2136 alii
1544 2081 1676 2138 Ger-

102 2189 312 2257 manis,
377 2186 774 2257 Pannonibus,
843 2193 899 2240 et
959 2181 1159 2258 Belgis.
1231 2181 1402 2238 Suam
1469 2181 1672 2258 singuli

103 2291 464 2349 domesticam
516 2308 664 2361 rem,
720 2287 828 2346 sub
881 2287 1166 2344 communi
1215 2295 1434 2342 tantum
1489 2295 1671 2357 tecto,

102 2392 588 2451 administrabant.
625 2389 844 2465 Negotii
885 2407 1016 2444 vero
1054 2407 1168 2443 non
1203 2407 1405 2463 parum
1446 2377 1562 2443 erat
1592 2395 1677 2442 tot

103 2495 357 2552 homines
390 2494 747 2570 conquirere,
788 2490 1008 2547 muneri
1052 2497 1205 2544 tanto
1239 2486 1500 2560 idoneOS,
1537 2497 1592 2545 et
1618 2489 1677 2543 in

103 2596 319 2653 Urbem
353 2613 628 2651 arcessere
665 2615 676 2648 :
712 2613 814 2649 nec
856 2591 1085 2648 minoris
1120 2589 1318 2662 molis,
1358 2590 1583 2648 eosdem
1619 2592 1676 2646 in

107 2716 170 2753 ea
198 2698 296 2753 diu
325 2697 581 2753 retinere.
618 2693 997 2767 Quamobrem
1032 2691 1153 2748 haec
1191 2690 1495 2748 inoleverat
1530 2711 1677 2767 pau-

105 2796 262 2853 latim
319 2796 697 2868 consuetudO,
752 2806 816 2852 ut
865 2795 1108 2851 Vicarios
1164 2793 1271 2850 sibi
1320 2793 1672 2865 sufficerent,

106 2918 315 2975 eosque
344 2918 373 2955 a
411 2898 661 2956 doctrina
690 2918 801 2955 non
838 2898 968 2955 satis
1009 2894 1290 2951 interdum
1327 2902 1424 2949 aut
1453 2914 1483 2949 a
1514 2894 1677 2949 mori-

108 3003 220 3060 bus
259 3003 579 3059 instructos.
625 3000 692 3057 Id
725 3001 857 3057 Pius
894 2999 940 3055 V
974 2996 1321 3072 intelligens,
1377 2992 1678 3049 tribunalia

108 3104 391 3180 praecipua
421 3101 591 3158 Urbis
628 3101 899 3159 destinata
930 3097 1276 3156 Poenitentiae
1319 3095 1462 3151 inter
1510 3092 1678 3149 fami-

111 3204 215 3263 lias
285 3204 567 3281 religiosas
631 3202 953 3273 distribuit,
1015 3220 1045 3256 e
1112 3198 1322 3275 quibus
1389 3194 1679 3253 necessarii

375 3324 539 3383 Tom.
589 3322 676 3380 II.
1361 3317 1437 3375 14

1758 880 1887 934 Aquui
1917 883 1998 924 PP.

1706 944 1997 985 Poenitentiarii

1705 1010 1984 1052 instituuntur.
