2232 3590
514 223 630 283 1—746
1169 241 1409 280 EP1TOME

508 344 840 404 Possevinus
860 389 875 419 ,
908 353 965 402 et
995 344 1068 402 ad
1099 345 1359 403 sicarium
1389 344 1619 422 propius
1650 342 1919 401 accedens
1952 363 2071 420 per-

510 457 828 522 cunctatur,
870 469 1008 506 num
1038 449 1271 527 expiarit
1304 447 1565 526 peccata?
1608 448 1787 524 Negat
1821 446 1915 504 ille
1959 466 2072 503 ver-

507 550 649 608 bum
673 570 736 608 ea
758 551 828 608 de
851 572 910 608 re
934 552 1037 609 sibi
1064 551 1293 608 factum.
1318 551 1382 607 In
1404 570 1466 608 ea
1493 551 1704 628 quippe
1729 559 1859 608 sunt
1881 550 2074 608 haeresi

509 650 696 710 hostes
744 652 1023 725 veritatis,
1082 661 1143 708 ut
1190 662 1391 729 putent
1434 673 1618 730 neque
1660 653 2073 729 poenitentiam,

490 751 693 830 'neque
741 753 1129 825 Sacramenta,
1185 761 1283 809 aut
1330 753 1446 809 ulla
1498 773 1663 830 opera
1713 754 1892 827 bona,
1938 755 2079 812 vivis

507 855 741 930 perinde
770 874 834 910 ac
858 853 1229 911 morientibus
1251 873 1371 911 esse
1394 857 1701 912 neccssaria
1740 879 1750 912 :
1789 856 1905 915 sola
1929 857 2073 930 fide,

509 954 640 1012 solis
671 954 871 1011 Christi
904 956 1144 1022 meritiS,
1187 959 1403 1027 partam
1450 953 1687 1013 salutem
1726 958 1891 1015 nobis
1922 978 2074 1029 csse;

509 1074 688 1131 eoque
718 1056 839 1132 ipso
870 1052 1173 1113 condonari
1211 1063 1466 1129 peccata,
1502 1057 1546 1111 si
1571 1060 1698 1131 quis
1728 1080 1791 1116 ea
1822 1061 1929 1118 sibi
1953 1081 2080 1118 con—

509 1156 715 1212 donata
735 1174 853 1212 6556
877 1153 1084 1211 credat.
1113 1154 1472 1229 Possevinus,
1502 1157 1797 1236 objurgato
1821 1164 2080 1221 haeretico

510 1255 841 1329 Sacerdote,
893 1257 992 1333 qui
1042 1275 1100 1314 se
1145 1256 1559 1335 deprehensum
1611 1264 1883 1337 sentienS,
1939 1268 2082 1322 clam

510 1358 835 1435 aufugerat,
888 1379 1044 1416 reum
1101 1359 1173 1415 ad
1225 1361 1611 1436 poenitentiam
1671 1364 1954 1439 hortatur,
2018 1388 2083 1424 ac

511 1462 906 1535 theatridium,
959 1462 1018 1518 in
1066 1482 1180 1539 quo
1239 1473 1357 1519 erat
1414 1466 1701 1523 necandus
1723 1511 1736 1538 ,
1799 1488 1928 1524 cum
1986 1468 2084 1525 illo

509 1564 919 1637 conscendens,
967 1565 1307 1641 procidentis
1350 1566 1408 1621 in
1450 1587 1634 1642 genua
1676 1568 2080 1628 confessionem

508 1667 567 1723 in
595 1666 772 1725 oculis
803 1668 1055 1725 omnium
1079 1669 1319 1746 excipit,
1354 1677 1410 1725 et
1432 1668 1504 1725 ad
1534 1670 1624 1746 pie
1656 1681 2085 1750 constanterque

511 1769 868 1828 moriendum
905 1780 1204 1848 praeparat.
1242 1772 1377 1828 Haec
1407 1770 1628 1847 aliaque
1658 1771 1715 1827 id
1744 1792 1921 1849 genus
1952 1774 2086 1850 plu-

510 1872 650 1928 rima
690 1893 790 1949 per
840 1873 1074 1930 Galliam
1127 1872 1387 1949 vulgata,
1445 1882 1724 1950 quantum
1765 1874 1990 1934 honoris
2032 1885 2088 1933 et

510 1974 703 2050 gratiae
731 1973 1019 2032 addebant
1047 1975 1304 2032 Societati
1326 2020 1340 2048 ,
1372 1984 1592 2032 tantum
1625 1975 1872 2034 audaciae
1902 1978 2084 2035 detra-

510 2074 724 2133 hebant
764 2080 883 2152 ejus
921 2078 1272 2134 adversariis,
1309 2078 1426 2135 Nec
1460 2098 1660 2151 parum
1700 2078 1773 2134 ad
1815 2098 1909 2137 eos
1940 2079 2089 2136 cohi-

511 2178 732 2235 bendos
755 2177 1052 2235 valuerunt
1074 2177 1290 2234 Summi
1313 2176 1597 2233 Pontificis
1618 2175 1818 2247 litterae
1838 2222 1852 2249 ,
1878 2182 2090 2254 quibus

196 2313 215 2334 „a
239 2311 481 2365 pontificiis
513 2281 830 2340 universam
894 2273 1221 2337 Societatem
1273 2299 1337 2336 ac
1395 2280 1724 2335 nominatim
1782 2279 2090 2338 Parisiense

178 2378 483 2495 ξΐῖζαῖὥυῑῗθ
518 2381 813 2459 collegium
848 2383 985 2459 Regi
1030 2380 1301 2454 Carolo*,
1349 2379 1629 2438 Cardinali
1676 2380 1985 2453 BorboniO,
2025 2401 2090 2438 ac

181 2507 341 2549 n.019.
519 2486 744 2544 Senatui
776 2483 1228 2542 commendabat.
1649 2557 1653 2560 η

256 2600 483 2655 Collegium
651 2586 1055 2663 Lugdunenses
1093 2585 1304 2662 experti
1349 2593 1625 2661 quantum
1668 2604 1699 2641 e
1741 2584 1971 2640 Patrum
2012 2583 2090 2641 la-

185 2666 480 2720 Lugdunense‚

518 2689 657 2747 bore
679 2688 963 2765 colligeret
994 2688 1184 2745 civitas
1208 2687 1463 2744 universa
1494 2686 1763 2758 fructum,
1791 2685 2088 2762 collegium

517 2791 801 2850 urbanum
840 2790 1004 2848 nobis
1041 2789 1259 2846 tradere
1303 2789 1688 2846 decreverunt.
1735 2788 2090 2845 Obstiterunt

516 2893 774 2951 nonnulli
812 2912 1013 2970 parum
1056 2892 1339 2950 Societatis
1381 2890 1776 2967 religionisque
1821 2889 2086 2961 studiosi,

517 3004 573 3052 et
622 2995 919 3071 propositis
969 2993 1384 3051 conditionibus
1433 2991 1746 3049 durissimis
1799 2991 2087 3066 negotium

517 3095 837 3154 disturbare
860 3096 1039 3151 conati
1072 3104 1222 3152 sunt.
1251 3093 1324 3152 At
1355 3095 1416 3151 P.
1452 3094 1788 3151 Edmundus
1811 3092 2088 3171 Augei-ius

517 3199 654 3256 nihil
690 3199 957 3257 dubitans
992 3198 1159 3274 quin,
1194 3199 1422 3256 mutatis
1456 3197 1838 3275 temporibus,
1881 3195 2088 3253 acerbi-
