<?xml version="1.0" encoding="UTF-8"?>
<!DOCTYPE html PUBLIC "-//W3C//DTD XHTML 1.0 Transitional//EN"
    "http://www.w3.org/TR/xhtml1/DTD/xhtml1-transitional.dtd">
<html xmlns="http://www.w3.org/1999/xhtml" xml:lang="en" lang="en">
 <head>
  <title>
</title>
<meta http-equiv="Content-Type" content="text/html;charset=utf-8" />
  <meta name='ocr-system' content='tesseract 3.04.00' />
  <meta name='ocr-capabilities' content='ocr_page ocr_carea ocr_par ocr_line ocrx_word'/>
</head>
<body>
  <div class='ocr_page' id='page_1' title='image "./epitomehistoriso02jouv_0257.png"; bbox 0 0 2232 3590; ppageno 0'>
   <div class='ocr_carea' id='block_1_1' title="bbox 472 240 1662 308">
    <p class='ocr_par' dir='ltr' id='par_1_1' title="bbox 472 240 1662 308">
     <span class='ocr_line' id='line_1_1' title="bbox 472 240 1662 308; baseline 0.001 -11"><span class='ocrx_word' id='word_1_1' title='bbox 472 261 741 308; x_wconf 72' lang='lat' dir='ltr'>msromffi</span> <span class='ocrx_word' id='word_1_2' title='bbox 781 259 1101 298; x_wconf 80' lang='lat' dir='ltr'>SOCIETATIS</span> <span class='ocrx_word' id='word_1_3' title='bbox 1144 261 1293 299; x_wconf 81' lang='lat' dir='ltr'>JESU.</span> <span class='ocrx_word' id='word_1_4' title='bbox 1543 240 1662 298; x_wconf 65' lang='lat'>249</span> 
     </span>
    </p>
   </div>
   <div class='ocr_carea' id='block_1_2' title="bbox 112 361 1704 3269">
    <p class='ocr_par' dir='ltr' id='par_1_2' title="bbox 112 361 1704 3269">
     <span class='ocr_line' id='line_1_2' title="bbox 118 361 1663 440; baseline 0 -21"><span class='ocrx_word' id='word_1_5' title='bbox 118 361 385 434; x_wconf 88' lang='lat' dir='ltr'>Rubiola,</span> <span class='ocrx_word' id='word_1_6' title='bbox 452 361 541 418; x_wconf 91' lang='lat' dir='ltr'>hic</span> <span class='ocrx_word' id='word_1_7' title='bbox 592 362 905 419; x_wconf 84' lang='lat' dir='ltr'>domesticis</span> <span class='ocrx_word' id='word_1_8' title='bbox 965 362 1301 433; x_wconf 78' lang='lat' dir='ltr'>virtutibuS,</span> <span class='ocrx_word' id='word_1_9' title='bbox 1360 362 1452 420; x_wconf 90' lang='lat' dir='ltr'>ille</span> <span class='ocrx_word' id='word_1_10' title='bbox 1505 365 1663 440; x_wconf 81' lang='lat' dir='ltr'>quasi</span> 
     </span>
     <span class='ocr_line' id='line_1_3' title="bbox 116 461 1666 541; baseline 0 -20"><span class='ocrx_word' id='word_1_11' title='bbox 116 464 356 541; x_wconf 89' lang='lat' dir='ltr'>publicis</span> <span class='ocrx_word' id='word_1_12' title='bbox 406 474 460 521; x_wconf 92' lang='lat' dir='ltr'>et</span> <span class='ocrx_word' id='word_1_13' title='bbox 506 465 578 520; x_wconf 91' lang='lat' dir='ltr'>ad</span> <span class='ocrx_word' id='word_1_14' title='bbox 633 463 825 518; x_wconf 86' lang='lat' dir='ltr'>Peruae</span> <span class='ocrx_word' id='word_1_15' title='bbox 875 462 1046 519; x_wconf 90' lang='lat' dir='ltr'>totius</span> <span class='ocrx_word' id='word_1_16' title='bbox 1105 461 1340 518; x_wconf 89' lang='lat' dir='ltr'>salutem</span> <span class='ocrx_word' id='word_1_17' title='bbox 1402 462 1666 521; x_wconf 84' lang='lat' dir='ltr'>divinitus</span> 
     </span>
     <span class='ocr_line' id='line_1_4' title="bbox 118 561 1666 633; baseline -0.002 -10"><span class='ocrx_word' id='word_1_18' title='bbox 118 566 388 623; x_wconf 84' lang='lat' dir='ltr'>concessis</span> <span class='ocrx_word' id='word_1_19' title='bbox 425 561 838 622; x_wconf 89' lang='lat' dir='ltr'>memorandus.</span> <span class='ocrx_word' id='word_1_20' title='bbox 864 561 1110 619; x_wconf 89' lang='lat' dir='ltr'>Jacobus</span> <span class='ocrx_word' id='word_1_21' title='bbox 1139 582 1168 618; x_wconf 90' lang='lat' dir='ltr'>a</span> <span class='ocrx_word' id='word_1_22' title='bbox 1200 562 1394 633; x_wconf 90' lang='lat' dir='ltr'>Costa,</span> <span class='ocrx_word' id='word_1_23' title='bbox 1420 562 1666 620; x_wconf 86' lang='lat' dir='ltr'>Jacobus</span> 
     </span>
     <span class='ocr_line' id='line_1_5' title="bbox 114 662 1667 740; baseline -0.003 -17"><span class='ocrx_word' id='word_1_24' title='bbox 114 666 449 738; x_wconf 86' lang='lat' dir='ltr'>Carvallius,</span> <span class='ocrx_word' id='word_1_25' title='bbox 512 664 716 740; x_wconf 88' lang='lat' dir='ltr'>aliique</span> <span class='ocrx_word' id='word_1_26' title='bbox 777 663 1001 740; x_wconf 84' lang='lat' dir='ltr'>plurimi</span> <span class='ocrx_word' id='word_1_27' title='bbox 1058 664 1116 719; x_wconf 90' lang='lat' dir='ltr'>in</span> <span class='ocrx_word' id='word_1_28' title='bbox 1173 662 1443 739; x_wconf 89' lang='lat' dir='ltr'>obsequio</span> <span class='ocrx_word' id='word_1_29' title='bbox 1492 665 1667 739; x_wconf 88' lang='lat' dir='ltr'>pesti-</span> 
     </span>
     <span class='ocr_line' id='line_1_6' title="bbox 114 764 1670 842; baseline -0.003 -19"><span class='ocrx_word' id='word_1_30' title='bbox 114 767 347 825; x_wconf 90' lang='lat' dir='ltr'>lentium</span> <span class='ocrx_word' id='word_1_31' title='bbox 378 767 603 824; x_wconf 90' lang='lat' dir='ltr'>mortui.</span> <span class='ocrx_word' id='word_1_32' title='bbox 638 766 884 823; x_wconf 63' lang='lat' dir='ltr'>,lacobus</span> <span class='ocrx_word' id='word_1_33' title='bbox 919 765 1124 842; x_wconf 89' lang='lat' dir='ltr'>Lopius</span> <span class='ocrx_word' id='word_1_34' title='bbox 1155 764 1571 821; x_wconf 87' lang='lat' dir='ltr'>Canariensium</span> <span class='ocrx_word' id='word_1_35' title='bbox 1612 765 1670 819; x_wconf 91' lang='lat' dir='ltr'>in</span> 
     </span>
     <span class='ocr_line' id='line_1_7' title="bbox 112 865 1672 946; baseline -0.001 -22"><span class='ocrx_word' id='word_1_36' title='bbox 112 868 376 946; x_wconf 79' lang='lat' dir='ltr'>religione</span> <span class='ocrx_word' id='word_1_37' title='bbox 426 870 648 925; x_wconf 88' lang='lat' dir='ltr'>Doctor.</span> <span class='ocrx_word' id='word_1_38' title='bbox 706 868 947 924; x_wconf 66' lang='lat' dir='ltr'>‚Ioannes</span> <span class='ocrx_word' id='word_1_39' title='bbox 998 865 1387 937; x_wconf 83' lang='lat' dir='ltr'>Maldonatus,</span> <span class='ocrx_word' id='word_1_40' title='bbox 1440 866 1672 941; x_wconf 86' lang='lat' dir='ltr'>egregiis</span> 
     </span>
     <span class='ocr_line' id='line_1_8' title="bbox 114 965 1672 1042; baseline -0.004 -15"><span class='ocrx_word' id='word_1_41' title='bbox 114 971 551 1042; x_wconf 88' lang='lat' dir='ltr'>commentariis,</span> <span class='ocrx_word' id='word_1_42' title='bbox 611 988 713 1025; x_wconf 91' lang='lat' dir='ltr'>nec</span> <span class='ocrx_word' id='word_1_43' title='bbox 769 969 980 1023; x_wconf 87' lang='lat' dir='ltr'>minore</span> <span class='ocrx_word' id='word_1_44' title='bbox 1051 965 1235 1023; x_wconf 93' lang='lat' dir='ltr'>studio</span> <span class='ocrx_word' id='word_1_45' title='bbox 1296 965 1672 1042; x_wconf 73' lang='lat' dir='ltr'>propagandae</span> 
     </span>
     <span class='ocr_line' id='line_1_9' title="bbox 113 1064 1675 1147; baseline -0.003 -21"><span class='ocrx_word' id='word_1_46' title='bbox 113 1071 421 1147; x_wconf 70' lang='lat' dir='ltr'>religionis,</span> <span class='ocrx_word' id='word_1_47' title='bbox 480 1069 744 1145; x_wconf 80' lang='lat' dir='ltr'>inclytus.</span> <span class='ocrx_word' id='word_1_48' title='bbox 806 1067 1055 1123; x_wconf 84' lang='lat' dir='ltr'>Joannes¹</span> <span class='ocrx_word' id='word_1_49' title='bbox 1092 1067 1328 1122; x_wconf 64' lang='lat' dir='ltr'>Yictoria</span> <span class='ocrx_word' id='word_1_50' title='bbox 1384 1066 1443 1120; x_wconf 92' lang='lat' dir='ltr'>in</span> <span class='ocrx_word' id='word_1_51' title='bbox 1502 1064 1675 1122; x_wconf 86' lang='lat' dir='ltr'>classe</span> 
     </span>
     <span class='ocr_line' id='line_1_10' title="bbox 116 1154 1677 1241; baseline -0.003 -13"><span class='ocrx_word' id='word_1_52' title='bbox 116 1170 552 1228; x_wconf 90' lang='lat' dir='ltr'>Christianorum</span> <span class='ocrx_word' id='word_1_53' title='bbox 589 1178 778 1224; x_wconf 89' lang='lat' dir='ltr'>contra</span> <span class='ocrx_word' id='word_1_54' title='bbox 814 1168 1051 1238; x_wconf 88' lang='lat' dir='ltr'>Turcas,</span> <span class='ocrx_word' id='word_1_55' title='bbox 1097 1175 1152 1222; x_wconf 94' lang='lat' dir='ltr'>et</span> <span class='ocrx_word' id='word_1_56' title='bbox 1192 1167 1250 1221; x_wconf 88' lang='lat' dir='ltr'>iu</span> <span class='ocrx_word' id='word_1_57' title='bbox 1283 1168 1404 1241; x_wconf 90' lang='lat' dir='ltr'>ipso</span> <span class='ocrx_word' id='word_1_58' title='bbox 1436 1154 1677 1224; x_wconf 72' lang='lat' dir='ltr'>victoriae</span> 
     </span>
     <span class='ocr_line' id='line_1_11' title="bbox 116 1267 1679 1344; baseline -0.003 -16"><span class='ocrx_word' id='word_1_59' title='bbox 116 1273 241 1329; x_wconf 90' lang='lat' dir='ltr'>sinu</span> <span class='ocrx_word' id='word_1_60' title='bbox 273 1279 546 1327; x_wconf 89' lang='lat' dir='ltr'>mortuus.</span> <span class='ocrx_word' id='word_1_61' title='bbox 581 1269 823 1325; x_wconf 85' lang='lat' dir='ltr'>Joannes</span> <span class='ocrx_word' id='word_1_62' title='bbox 858 1268 1102 1344; x_wconf 79' lang='lat' dir='ltr'>Baptista</span> <span class='ocrx_word' id='word_1_63' title='bbox 1133 1267 1343 1343; x_wconf 89' lang='lat' dir='ltr'>Segura</span> <span class='ocrx_word' id='word_1_64' title='bbox 1368 1286 1496 1322; x_wconf 90' lang='lat' dir='ltr'>cum</span> <span class='ocrx_word' id='word_1_65' title='bbox 1519 1268 1679 1324; x_wconf 92' lang='lat' dir='ltr'>sociis</span> 
     </span>
     <span class='ocr_line' id='line_1_12' title="bbox 118 1367 1677 1444; baseline -0.003 -16"><span class='ocrx_word' id='word_1_66' title='bbox 118 1390 294 1428; x_wconf 86' lang='lat' dir='ltr'>caesus</span> <span class='ocrx_word' id='word_1_67' title='bbox 324 1391 355 1426; x_wconf 90' lang='lat' dir='ltr'>a</span> <span class='ocrx_word' id='word_1_68' title='bbox 385 1370 670 1442; x_wconf 88' lang='lat' dir='ltr'>barbaris,</span> <span class='ocrx_word' id='word_1_69' title='bbox 703 1369 963 1427; x_wconf 80' lang='lat' dir='ltr'>hostibus</span> <span class='ocrx_word' id='word_1_70' title='bbox 997 1367 1309 1444; x_wconf 77' lang='lat' dir='ltr'>religionis,</span> <span class='ocrx_word' id='word_1_71' title='bbox 1340 1369 1397 1423; x_wconf 91' lang='lat' dir='ltr'>in</span> <span class='ocrx_word' id='word_1_72' title='bbox 1435 1367 1677 1424; x_wconf 88' lang='lat' dir='ltr'>Florida.</span> 
     </span>
     <span class='ocr_line' id='line_1_13' title="bbox 118 1470 1682 1549; baseline -0.001 -20"><span class='ocrx_word' id='word_1_73' title='bbox 118 1473 448 1531; x_wconf 85' lang='lat' dir='ltr'>Laurentius</span> <span class='ocrx_word' id='word_1_74' title='bbox 470 1474 717 1549; x_wconf 85' lang='lat' dir='ltr'>Magius,</span> <span class='ocrx_word' id='word_1_75' title='bbox 742 1474 801 1527; x_wconf 89' lang='lat' dir='ltr'>in</span> <span class='ocrx_word' id='word_1_76' title='bbox 824 1471 1149 1542; x_wconf 90' lang='lat' dir='ltr'>Germania,</span> <span class='ocrx_word' id='word_1_77' title='bbox 1182 1470 1412 1526; x_wconf 89' lang='lat' dir='ltr'>Polonia</span> <span class='ocrx_word' id='word_1_78' title='bbox 1432 1515 1446 1542; x_wconf 92' lang='lat'>,</span> <span class='ocrx_word' id='word_1_79' title='bbox 1481 1470 1682 1543; x_wconf 86' lang='lat' dir='ltr'>Gallia,</span> 
     </span>
     <span class='ocr_line' id='line_1_14' title="bbox 117 1570 1689 1650; baseline -0.002 -21"><span class='ocrx_word' id='word_1_80' title='bbox 117 1573 556 1650; x_wconf 90' lang='lat' dir='ltr'>Imperatoribus</span> <span class='ocrx_word' id='word_1_81' title='bbox 591 1584 646 1630; x_wconf 90' lang='lat' dir='ltr'>et</span> <span class='ocrx_word' id='word_1_82' title='bbox 685 1573 936 1649; x_wconf 84' lang='lat' dir='ltr'>Regibus</span> <span class='ocrx_word' id='word_1_83' title='bbox 980 1579 1210 1648; x_wconf 90' lang='lat' dir='ltr'>propter</span> <span class='ocrx_word' id='word_1_84' title='bbox 1237 1570 1595 1647; x_wconf 79' lang='lat' dir='ltr'>prudentiam</span> <span class='ocrx_word' id='word_1_85' title='bbox 1633 1579 1689 1628; x_wconf 92' lang='lat' dir='ltr'>et</span> 
     </span>
     <span class='ocr_line' id='line_1_15' title="bbox 116 1670 1690 1751; baseline -0.001 -22"><span class='ocrx_word' id='word_1_86' title='bbox 116 1674 456 1751; x_wconf 87' lang='lat' dir='ltr'>probitatem</span> <span class='ocrx_word' id='word_1_87' title='bbox 492 1693 673 1731; x_wconf 89' lang='lat' dir='ltr'>carus.</span> <span class='ocrx_word' id='word_1_88' title='bbox 721 1673 1039 1730; x_wconf 83' lang='lat' dir='ltr'>Ludovicus</span> <span class='ocrx_word' id='word_1_89' title='bbox 1069 1670 1323 1728; x_wconf 86' lang='lat' dir='ltr'>Almeida</span> <span class='ocrx_word' id='word_1_90' title='bbox 1347 1716 1360 1743; x_wconf 91' lang='lat'>,</span> <span class='ocrx_word' id='word_1_91' title='bbox 1399 1680 1452 1728; x_wconf 90' lang='lat' dir='ltr'>et</span> <span class='ocrx_word' id='word_1_92' title='bbox 1495 1671 1690 1729; x_wconf 90' lang='lat' dir='ltr'>Ludo-</span> 
     </span>
     <span class='ocr_line' id='line_1_16' title="bbox 119 1772 1685 1850; baseline -0.001 -19"><span class='ocrx_word' id='word_1_93' title='bbox 119 1775 275 1832; x_wconf 87' lang='lat' dir='ltr'>vicus</span> <span class='ocrx_word' id='word_1_94' title='bbox 314 1775 514 1847; x_wconf 81' lang='lat' dir='ltr'>Froe&#39;z,</span> <span class='ocrx_word' id='word_1_95' title='bbox 566 1784 802 1850; x_wconf 88' lang='lat' dir='ltr'>uterque</span> <span class='ocrx_word' id='word_1_96' title='bbox 841 1775 901 1829; x_wconf 88' lang='lat' dir='ltr'>in</span> <span class='ocrx_word' id='word_1_97' title='bbox 943 1774 1226 1849; x_wconf 87' lang='lat' dir='ltr'>Japonicis</span> <span class='ocrx_word' id='word_1_98' title='bbox 1278 1773 1542 1829; x_wconf 82' lang='lat' dir='ltr'>aerumnis</span> <span class='ocrx_word' id='word_1_99' title='bbox 1586 1772 1685 1829; x_wconf 89' lang='lat' dir='ltr'>diu</span> 
     </span>
     <span class='ocr_line' id='line_1_17' title="bbox 119 1873 1686 1950; baseline -0.002 -19"><span class='ocrx_word' id='word_1_100' title='bbox 119 1884 420 1950; x_wconf 88' lang='lat' dir='ltr'>sancteque</span> <span class='ocrx_word' id='word_1_101' title='bbox 453 1884 724 1932; x_wconf 80' lang='lat' dir='ltr'>versatus.</span> <span class='ocrx_word' id='word_1_102' title='bbox 760 1873 1034 1930; x_wconf 82' lang='lat' dir='ltr'>Martinus</span> <span class='ocrx_word' id='word_1_103' title='bbox 1074 1874 1306 1930; x_wconf 90' lang='lat' dir='ltr'>Gomius</span> <span class='ocrx_word' id='word_1_104' title='bbox 1327 1917 1340 1944; x_wconf 89' lang='lat'>,</span> <span class='ocrx_word' id='word_1_105' title='bbox 1381 1875 1475 1949; x_wconf 90' lang='lat' dir='ltr'>qui</span> <span class='ocrx_word' id='word_1_106' title='bbox 1508 1873 1686 1929; x_wconf 86' lang='lat' dir='ltr'>Socie-</span> 
     </span>
     <span class='ocr_line' id='line_1_18' title="bbox 119 1974 1704 2052; baseline -0.001 -20"><span class='ocrx_word' id='word_1_107' title='bbox 119 1985 290 2032; x_wconf 88' lang='lat' dir='ltr'>tatem</span> <span class='ocrx_word' id='word_1_108' title='bbox 330 1976 611 2052; x_wconf 88' lang='lat' dir='ltr'>ingressus</span> <span class='ocrx_word' id='word_1_109' title='bbox 655 1987 942 2052; x_wconf 89' lang='lat' dir='ltr'>tamquam</span> <span class='ocrx_word' id='word_1_110' title='bbox 987 1976 1319 2046; x_wconf 77' lang='lat' dir='ltr'>sanctitatis,</span> <span class='ocrx_word' id='word_1_111' title='bbox 1365 1985 1428 2031; x_wconf 89' lang='lat' dir='ltr'>ut</span> <span class='ocrx_word' id='word_1_112' title='bbox 1465 1974 1704 2048; x_wconf 89' lang='lat' dir='ltr'>aiebat,-</span> 
     </span>
     <span class='ocr_line' id='line_1_19' title="bbox 119 2077 1687 2155; baseline -0.001 -22"><span class='ocrx_word' id='word_1_113' title='bbox 119 2077 470 2154; x_wconf 87' lang='lat' dir='ltr'>palaestram,</span> <span class='ocrx_word' id='word_1_114' title='bbox 517 2079 575 2134; x_wconf 89' lang='lat' dir='ltr'>in</span> <span class='ocrx_word' id='word_1_115' title='bbox 623 2098 686 2135; x_wconf 88' lang='lat' dir='ltr'>ea</span> <span class='ocrx_word' id='word_1_116' title='bbox 727 2087 912 2155; x_wconf 88' lang='lat' dir='ltr'>partes</span> <span class='ocrx_word' id='word_1_117' title='bbox 955 2078 1272 2155; x_wconf 73' lang='lat' dir='ltr'>palaestritae</span> <span class='ocrx_word' id='word_1_118' title='bbox 1322 2077 1584 2154; x_wconf 86' lang='lat' dir='ltr'>perfecti,</span> <span class='ocrx_word' id='word_1_119' title='bbox 1630 2086 1687 2134; x_wconf 93' lang='lat' dir='ltr'>et</span> 
     </span>
     <span class='ocr_line' id='line_1_20' title="bbox 120 2178 1682 2255; baseline 0.001 -21"><span class='ocrx_word' id='word_1_120' title='bbox 120 2197 383 2235; x_wconf 88' lang='lat' dir='ltr'>numeros</span> <span class='ocrx_word' id='word_1_121' title='bbox 447 2197 638 2236; x_wconf 92' lang='lat' dir='ltr'>omnes</span> <span class='ocrx_word' id='word_1_122' title='bbox 709 2179 983 2255; x_wconf 85' lang='lat' dir='ltr'>implevit.</span> <span class='ocrx_word' id='word_1_123' title='bbox 1040 2178 1285 2251; x_wconf 68' lang='lat' dir='ltr'>¹Michael</span> <span class='ocrx_word' id='word_1_124' title='bbox 1346 2179 1682 2250; x_wconf 81' lang='lat' dir='ltr'>TurrianUS,</span> 
     </span>
     <span class='ocr_line' id='line_1_21' title="bbox 121 2278 1682 2356; baseline -0.001 -20"><span class='ocrx_word' id='word_1_125' title='bbox 121 2300 290 2356; x_wconf 92' lang='lat' dir='ltr'>quem</span> <span class='ocrx_word' id='word_1_126' title='bbox 333 2280 391 2337; x_wconf 91' lang='lat' dir='ltr'>S.</span> <span class='ocrx_word' id='word_1_127' title='bbox 439 2280 685 2356; x_wconf 89' lang='lat' dir='ltr'>Ignatius</span> <span class='ocrx_word' id='word_1_128' title='bbox 734 2279 1010 2356; x_wconf 89' lang='lat' dir='ltr'>pupillam</span> <span class='ocrx_word' id='word_1_129' title='bbox 1054 2278 1202 2335; x_wconf 89' lang='lat' dir='ltr'>oculi</span> <span class='ocrx_word' id='word_1_130' title='bbox 1253 2279 1338 2336; x_wconf 90' lang='lat' dir='ltr'>sui</span> <span class='ocrx_word' id='word_1_131' title='bbox 1382 2278 1682 2334; x_wconf 77' lang='lat' dir='ltr'>vocitabat.</span> 
     </span>
     <span class='ocr_line' id='line_1_22' title="bbox 122 2379 1690 2456; baseline -0.001 -20"><span class='ocrx_word' id='word_1_132' title='bbox 122 2380 383 2438; x_wconf 88' lang='lat' dir='ltr'>Nicolaus</span> <span class='ocrx_word' id='word_1_133' title='bbox 412 2381 746 2452; x_wconf 87' lang='lat' dir='ltr'>Gaudanus,</span> <span class='ocrx_word' id='word_1_134' title='bbox 788 2381 848 2435; x_wconf 88' lang='lat' dir='ltr'>in</span> <span class='ocrx_word' id='word_1_135' title='bbox 893 2380 1132 2436; x_wconf 88' lang='lat' dir='ltr'>Scotiam</span> <span class='ocrx_word' id='word_1_136' title='bbox 1174 2380 1420 2436; x_wconf 87' lang='lat' dir='ltr'>Nuntius</span> <span class='ocrx_word' id='word_1_137' title='bbox 1456 2379 1690 2456; x_wconf 90' lang='lat' dir='ltr'>Aposto-</span> 
     </span>
     <span class='ocr_line' id='line_1_23' title="bbox 121 2479 1690 2556; baseline -0.003 -17"><span class='ocrx_word' id='word_1_138' title='bbox 121 2483 263 2541; x_wconf 86' lang='lat' dir='ltr'>licus</span> <span class='ocrx_word' id='word_1_139' title='bbox 326 2484 549 2541; x_wconf 88' lang='lat' dir='ltr'>missus.</span> <span class='ocrx_word' id='word_1_140' title='bbox 616 2483 815 2539; x_wconf 89' lang='lat' dir='ltr'>Petrus</span> <span class='ocrx_word' id='word_1_141' title='bbox 876 2481 1203 2552; x_wconf 84' lang='lat' dir='ltr'>MartiniuS,</span> <span class='ocrx_word' id='word_1_142' title='bbox 1264 2479 1466 2556; x_wconf 90' lang='lat' dir='ltr'>dignus</span> <span class='ocrx_word' id='word_1_143' title='bbox 1525 2479 1690 2536; x_wconf 88' lang='lat' dir='ltr'>beata</span> 
     </span>
     <span class='ocr_line' id='line_1_24' title="bbox 124 2580 1691 2661; baseline -0.003 -21"><span class='ocrx_word' id='word_1_144' title='bbox 124 2593 302 2641; x_wconf 90' lang='lat' dir='ltr'>morte</span> <span class='ocrx_word' id='word_1_145' title='bbox 328 2585 433 2661; x_wconf 90' lang='lat' dir='ltr'>ipsi</span> <span class='ocrx_word' id='word_1_146' title='bbox 456 2604 486 2640; x_wconf 91' lang='lat' dir='ltr'>a</span> <span class='ocrx_word' id='word_1_147' title='bbox 509 2583 747 2640; x_wconf 85' lang='lat' dir='ltr'>Floridae</span> <span class='ocrx_word' id='word_1_148' title='bbox 783 2582 1039 2639; x_wconf 89' lang='lat' dir='ltr'>barbaris</span> <span class='ocrx_word' id='word_1_149' title='bbox 1062 2581 1234 2638; x_wconf 85' lang='lat' dir='ltr'>illata.</span> <span class='ocrx_word' id='word_1_150' title='bbox 1262 2581 1460 2638; x_wconf 90' lang='lat' dir='ltr'>Petrus</span> <span class='ocrx_word' id='word_1_151' title='bbox 1495 2580 1691 2657; x_wconf 87' lang='lat' dir='ltr'>Perpi-</span> 
     </span>
     <span class='ocr_line' id='line_1_25' title="bbox 126 2683 1686 2764; baseline -0.004 -20"><span class='ocrx_word' id='word_1_152' title='bbox 126 2689 325 2746; x_wconf 89' lang='lat' dir='ltr'>nianus</span> <span class='ocrx_word' id='word_1_153' title='bbox 367 2687 698 2764; x_wconf 75' lang='lat' dir='ltr'>eloquentiae</span> <span class='ocrx_word' id='word_1_154' title='bbox 741 2695 796 2742; x_wconf 91' lang='lat' dir='ltr'>et</span> <span class='ocrx_word' id='word_1_155' title='bbox 835 2684 1056 2741; x_wconf 78' lang='lat' dir='ltr'>virtutis</span> <span class='ocrx_word' id='word_1_156' title='bbox 1099 2684 1344 2759; x_wconf 71' lang='lat' dir='ltr'>antiquae</span> <span class='ocrx_word' id='word_1_157' title='bbox 1387 2683 1686 2758; x_wconf 85' lang='lat' dir='ltr'>specimen.</span> 
     </span>
     <span class='ocr_line' id='line_1_26' title="bbox 132 2782 1696 2863; baseline -0.004 -19"><span class='ocrx_word' id='word_1_158' title='bbox 132 2788 326 2845; x_wconf 89' lang='lat' dir='ltr'>Petrus</span> <span class='ocrx_word' id='word_1_159' title='bbox 369 2789 677 2860; x_wconf 82' lang='lat' dir='ltr'>Saavedra,</span> <span class='ocrx_word' id='word_1_160' title='bbox 722 2790 881 2863; x_wconf 87' lang='lat' dir='ltr'>cujus</span> <span class='ocrx_word' id='word_1_161' title='bbox 929 2784 1347 2842; x_wconf 82' lang='lat' dir='ltr'>sanctimoniam</span> <span class='ocrx_word' id='word_1_162' title='bbox 1390 2782 1696 2838; x_wconf 86' lang='lat' dir='ltr'>ostendisse</span> 
     </span>
     <span class='ocr_line' id='line_1_27' title="bbox 132 2883 1696 2964; baseline -0.003 -19"><span class='ocrx_word' id='word_1_163' title='bbox 132 2889 355 2945; x_wconf 81' lang='lat' dir='ltr'>videtur</span> <span class='ocrx_word' id='word_1_164' title='bbox 384 2890 664 2964; x_wconf 86' lang='lat' dir='ltr'>integrum</span> <span class='ocrx_word' id='word_1_165' title='bbox 691 2906 893 2964; x_wconf 89' lang='lat' dir='ltr'>corpus</span> <span class='ocrx_word' id='word_1_166' title='bbox 924 2887 1115 2943; x_wconf 91' lang='lat' dir='ltr'>decem</span> <span class='ocrx_word' id='word_1_167' title='bbox 1141 2894 1266 2962; x_wconf 89' lang='lat' dir='ltr'>post</span> <span class='ocrx_word' id='word_1_168' title='bbox 1298 2883 1514 2940; x_wconf 90' lang='lat' dir='ltr'>obitum</span> <span class='ocrx_word' id='word_1_169' title='bbox 1537 2885 1696 2941; x_wconf 89' lang='lat' dir='ltr'>annis</span> 
     </span>
     <span class='ocr_line' id='line_1_28' title="bbox 130 2971 1697 3066; baseline -0.004 -21"><span class='ocrx_word' id='word_1_170' title='bbox 130 2999 436 3066; x_wconf 90' lang='lat' dir='ltr'>repertum.</span> <span class='ocrx_word' id='word_1_171' title='bbox 491 2989 688 3047; x_wconf 90' lang='lat' dir='ltr'>Petrus</span> <span class='ocrx_word' id='word_1_172' title='bbox 740 2988 966 3044; x_wconf 67' lang='lat' dir='ltr'>Yalvius</span> <span class='ocrx_word' id='word_1_173' title='bbox 1024 2971 1221 3064; x_wconf 82' lang='lat' dir='ltr'>populi</span> <span class='ocrx_word' id='word_1_174' title='bbox 1274 2985 1588 3041; x_wconf 89' lang='lat' dir='ltr'>testimonio</span> <span class='ocrx_word' id='word_1_175' title='bbox 1642 2993 1697 3041; x_wconf 94' lang='lat' dir='ltr'>et</span> 
     </span>
     <span class='ocr_line' id='line_1_29' title="bbox 133 3084 1697 3169; baseline -0.003 -24"><span class='ocrx_word' id='word_1_176' title='bbox 133 3090 424 3167; x_wconf 76' lang='lat' dir='ltr'>lacrymis,</span> <span class='ocrx_word' id='word_1_177' title='bbox 461 3110 588 3146; x_wconf 90' lang='lat' dir='ltr'>cum</span> <span class='ocrx_word' id='word_1_178' title='bbox 617 3091 829 3169; x_wconf 82' lang='lat' dir='ltr'>obiret,</span> <span class='ocrx_word' id='word_1_179' title='bbox 863 3099 1112 3146; x_wconf 88' lang='lat' dir='ltr'>ornatus.</span> <span class='ocrx_word' id='word_1_180' title='bbox 1149 3086 1483 3163; x_wconf 86' lang='lat' dir='ltr'>Rodulphus</span> <span class='ocrx_word' id='word_1_181' title='bbox 1514 3084 1697 3161; x_wconf 85' lang='lat' dir='ltr'>Aqua-</span> 
     </span>
     <span class='ocr_line' id='line_1_30' title="bbox 134 3186 1698 3269; baseline -0.003 -21"><span class='ocrx_word' id='word_1_182' title='bbox 134 3193 288 3266; x_wconf 83' lang='lat' dir='ltr'>viva,</span> <span class='ocrx_word' id='word_1_183' title='bbox 322 3202 624 3269; x_wconf 83' lang='lat' dir='ltr'>martyrem</span> <span class='ocrx_word' id='word_1_184' title='bbox 657 3191 909 3248; x_wconf 87' lang='lat' dir='ltr'>Societati</span> <span class='ocrx_word' id='word_1_185' title='bbox 938 3201 1063 3267; x_wconf 90' lang='lat' dir='ltr'>post</span> <span class='ocrx_word' id='word_1_186' title='bbox 1093 3190 1307 3265; x_wconf 87' lang='lat' dir='ltr'>aliquot</span> <span class='ocrx_word' id='word_1_187' title='bbox 1345 3205 1517 3244; x_wconf 88' lang='lat' dir='ltr'>annos</span> <span class='ocrx_word' id='word_1_188' title='bbox 1540 3186 1698 3244; x_wconf 90' lang='lat' dir='ltr'>datu-</span> 
     </span>
    </p>
   </div>
  </div>
 </body>
</html>
