2232 3590
448 251 719 288 msTomAE
759 250 1080 290 SOCIETATIS
1124 254 1274 292 JESU.
1531 237 1646 294 159

87 350 394 428 pestatibus
435 351 769 422 concutitur,
809 360 871 406 ut
899 352 1002 409 nisi
1025 353 1209 409 divina
1234 356 1505 414 resisteret
1527 378 1649 414 ma-

88 472 192 510 nus
231 450 573 508 excindenda
617 452 839 528 penitus
891 453 1193 510 videretur.
1250 454 1381 530 Ejus
1434 460 1648 533 generis

89 551 327 629 procella
351 552 554 608 saeculo
584 553 801 608 decimo
833 563 985 610 sexto
1011 563 1221 625 exorta7
1248 557 1493 632 primum
1518 560 1648 616 Ger-

84 652 356 724 maniam,
395 652 598 709 deinde
634 652 924 729 Angliam,
959 654 1243 727 Sueciam,
1278 657 1608 733 Norvegiam
1631 703 1646 729 ,

81 750 329 828 aliasque
385 753 785 829 Septentrionis
839 754 1030 832 plagas
1053 801 1066 827 a
1130 767 1252 814 turn
1299 757 1535 814 Galliam
1587 777 1651 814 ac

81 861 362 928 postremo
418 853 669 930 Belgium
729 857 1065 931 gravissimis
1116 858 1373 917 cladibus
1432 860 1645 916 afflixit.

82 956 386 1033 Margareta
443 957 728 1016 Austriaca
771 956 1014 1033 Philippi
1060 961 1134 1015 III
1175 962 1341 1037 Regis
1385 961 1654 1019 Catholici

81 1059 270 1132 Soror,
312 1060 564 1135 Belgium
601 1059 975 1135 gubernabat.
1019 1058 1106 1115 Ab
1143 1080 1206 1117 eo
1242 1063 1554 1121 Calvinistae
1594 1063 1655 1119 li-

83 1160 356 1218 bertatem
390 1171 452 1217 ut
486 1169 685 1217 vocant
718 1161 1099 1233 conscientiae7
1134 1161 1238 1218 hoc
1272 1172 1354 1219 est
1375 1165 1656 1239 amplissi-

84 1282 232 1318 mam
258 1263 530 1319 hacreseos
562 1260 892 1338 profitendae
914 1261 1234 1318 facultatem
1261 1263 1649 1338 postularunt:

84 1362 343 1421 Proceres
379 1383 604 1440 quoque
644 1362 900 1419 nonnulli
936 1363 1221 1439 privilegia
1261 1366 1521 1439 quaedam
1555 1385 1655 1422 sua

85 1465 275 1521 violari
318 1465 718 1541 querebantur.
768 1464 1004 1539 Utrique
1041 1463 1349 1522 Cardinalis
1380 1464 1655 1523 Grauvel-

81 1567 191 1624 lani
224 1577 278 1625 et
308 1569 685 1645 Hispanorum
721 1566 1068 1624 severitatem
1100 1565 1485 1624 molestissime
1507 1567 1654 1624 fere-

85 1668 242 1725 bant.
302 1669 498 1745 Itaque
559 1670 696 1724 inito
761 1667 970 1726 foedere
1031 1669 1290 1727 libellum
1342 1670 1652 1747 supplicem

82 1771 406 1848 Margaretae
428 1771 758 1829 obtulerunt
785 1771 946 1828 nonis
970 1769 1260 1848 Aprilibus
1289 1772 1458 1848 hujus
1487 1772 1617 1828 anni
1634 1815 1648 1844 ,

80 1874 389 1931 remedium
440 1873 600 1930 malis
652 1872 1074 1930 imminentibus
1110 1874 1269 1930 enixe
1310 1873 1646 1950 flagitantes,

82 1975 393 2051 Respondit
427 1975 521 2031 illa
563 1995 681 2032 rem
721 1974 860 2030 tanti
905 1975 1168 2030 momenti
1215 1974 1288 2030 ad
1327 1974 1650 2050 Philippum

84 2076 293 2151 Regem
325 2096 444 2134 esse
472 2075 840 2132 referendam.
878 2075 949 2129 At
981 2076 1249 2149 conjurati
1272 2119 1285 2146 7
1320 2094 1432 2131 non
1460 2096 1655 2152 expec-

83 2186 196 2232 tato
227 2177 391 2252 Regis
421 2193 688 2251 responso
708 2219 721 2246 7
763 2173 1015 2249 undique
1046 2194 1145 2251 per
1187 2175 1359 2232 urbes
1389 2185 1443 2231 et
1478 2196 1651 2253 pagos

83 2282 270 2356 pejora
301 2277 552 2334 caedibus
577 2277 903 2333 commisere
933 2298 943 2331 :
971 2277 1243 2352 impetum
1274 2277 1332 2331 in
1355 2276 1562 2352 templa
1594 2287 1651 2333 et

84 2381 414 2438 monasteria
458 2378 777 2456 Antverpiae
826 2379 1179 2455 potissimum
1214 2388 1268 2435 et
1306 2378 1540 2435 Tornaci
1577 2379 1653 2436 fa-

81 2483 266 2552 ciuut3
301 2491 510 2540 statuas
541 2489 595 2537 et
624 2481 892 2556 imagines
918 2479 1222 2536 dilacerant
1241 2523 1254 2550 a
1301 2478 1492 2536 altaria
1523 2480 1652 2536 diri-

85 2584 270 2660 piunt7
291 2583 536 2639 divinam
561 2583 890 2659 proculcant
911 2583 1174 2655 hostiam7
1201 2584 1386 2639 omnia
1410 2584 1653 2660 denique

82 2685 380 2761 impietatis
416 2683 592 2741 edunt
626 2683 908 2760 exempla,
943 2661 1153 2760 quibus
1183 2686 1474 2761 posteritas
1506 2705 1654 2762 aegre

86 2786 256 2843 fidem
280 2797 363 2842 est
390 2784 672 2842 habitura.
703 2785 992 2842 Sociorum
1022 2787 1456 2843 Tornacensium
1492 2804 1650 2861 pars,

86 2897 303 2943 mature
335 2887 394 2942 in
431 2886 636 2963 oppida
665 2888 842 2944 vicina
878 2907 936 2945 se
963 2897 1278 2965 receperatg
1314 2906 1491 2962 eaque
1525 2885 1653 2941 obi-

87 2986 219 3059 bat„
259 2987 553 3065 oppidanis
595 2989 807 3046 animos
853 2988 1114 3046 addendo
1155 2988 1227 3045 ad
1269 2985 1652 3045 sustinendam

89 3085 299 3161 fortiter
332 3091 443 3144 vim
470 3090 806 3164 gravissimae
836 3091 1201 3167 tempestatis.
1236 3089 1343 3147 Alii
1374 3089 1470 3164 qui
1501 3088 1654 3144 resti-

89 3196 305 3260 terunt⁷
337 3190 685 3247 contumeliis
707 3200 761 3247 et
789 3192 1119 3249 verberibus
1151 3190 1432 3260 mulctati7
1466 3209 1530 3246 ac
1562 3188 1654 3245 de·

1740 568 1923 610 Haeretici

1686 633 1880 674 tumultus
1898 664 1910 684 ‚

1692 1074 1731 1115 in
1752 1071 1890 1126 Belgio
1903 1102 1916 1123 ‚

1760 1974 1986 2028 Antverpiae

1690 2047 1729 2083 et
1748 2040 1936 2083 Tornaci.
