2232 3590
188 957 416 1000 Missionesr

151 1022 194 1064 in
230 1024 381 1066 Graecia
392 1057 403 1077 ‚

151 1090 264 1130 Creta
277 1120 290 1142 ‚
311 1095 351 1129 et

145 2809 187 2850 in
209 2809 365 2865 Illyria.

485 222 606 282 268
1150 243 1392 282 EPITOME

486 346 772 405 Pontificis
828 366 1057 425 prorsus
1116 347 1399 406 abdicavit
1447 367 1594 405 anno
1645 367 1848 405 Mucw.
1897 346 2059 405 Anno

487 458 675 505 tamen
713 469 939 508 rursum
989 470 1235 510 Mocxvn
1277 471 1399 508 eam
1431 452 1676 529 recipere
1718 460 1903 508 coacta
1935 460 2052 522 est3

488 559 544 606 et
579 551 904 610 universum
951 554 1284 631 collegium,
1328 557 1526 613 amotis
1566 557 1808 614 externis
1848 564 2062 613 curato-

488 650 648 710 ribus
668 696 682 725 ,
716 657 1051 730 permissum
1082 655 1164 711 illi
1194 654 1324 712 fuit.

652 755 876 812 Haecin
921 756 1076 813 Urbe
1118 756 1248 812 data
1293 758 1500 816 Graecis
1530 778 1696 836 opera
1730 783 1741 817 ε
1787 769 2063 819 verumta-

488 874 617 912 men
663 875 777 912 non
825 856 1160 915 destiterunt
1206 859 1429 916 interim
1479 860 1624 917 Socii
1666 881 1956 920 excurrere
2003 863 2063 918 in

484 956 666 1033 ipsam
710 957 1015 1031 Graeciam,
1061 968 1116 1016 et
1157 960 1424 1019 finitimas
1467 963 1695 1020 Graeciae
1736 963 1947 1022 insulas
1985 986 1997 1020 ε
2032 983 2063 1020 e

485 1059 698 1136 quibus
737 1060 1135 1138 Cephaloniam
1155 1107 1170 1135 7
1203 1063 1589 1141 Zacynthum,
1623 1074 1679 1122 et
1708 1064 1928 1122 Cretam
1957 1063 2065 1120 hoc

484 1181 632 1219 anno
681 1162 1015 1222 lustrarunt.
1067 1165 1245 1223 Cretae
1294 1165 1463 1223 facies
1513 1166 1774 1243 apparuit
1821 1166 1967 1222 vitiis
2009 1173 2066 1221 et

483 1266 978 1342 superstitionibus
1014 1268 1215 1325 misere
1251 1267 1583 1326 deformata.
1625 1269 1949 1326 Graecorum
1981 1287 2067 1324 or-

483 1366 863 1424 thodoxorum
926 1370 1162 1446 exiguus
1220 1389 1527 1442 numerusg
1584 1371 2063 1429 schismaticorum

481 1468 648 1548 longe
677 1474 887 1548 major3
925 1472 1166 1530 cultores
1204 1474 1370 1530 etiam
1402 1472 1618 1550 aliquot
1651 1474 1833 1530 Latini
1874 1474 2015 1531 ritus
2045 1493 2058 1528 t

482 1573 668 1628 cuncti
693 1592 794 1649 per
823 1574 1098 1630 incuriam
1127 1584 1225 1631 aut
1259 1576 1571 1632 absentiam
1602 1587 1893 1652 pastorum
1915 1619 1930 1647 ,
1969 1576 2062 1630 in-

483 1674 638 1730 scitia
670 1674 875 1731 divinae
916 1675 1055 1752 legis
1101 1686 1156 1733 et
1196 1677 1306 1734 alta
1343 1678 1579 1754 caligine
1623 1678 1883 1735 demersi,
1917 1677 2064 1735 Nam

481 1777 661 1833 Graeci
702 1777 1059 1851 Sacerdotes,
1104 1780 1460 1835 matrimonio
1503 1779 1731 1855 illigati,
1776 1789 1831 1836 et
1871 1778 2063 1836 liberis

479 1877 650 1953 vulgo
714 1878 1108 1953 abundantes,
1166 1879 1421 1958 neglecta
1476 1881 1579 1938 Dei
1634 1881 1837 1954 domo⁷
1902 1900 2061 1939 suam

478 1979 723 2056 quisque
758 1980 1067 2051 curabant3
1115 1981 1296 2039 Latini
1337 2002 1467 2040 vero
1511 1991 1762 2060 pastores
1804 1982 1863 2038 in
1904 1981 2062 2039 Italia

478 2080 818 2158 plerumque
847 2083 1240 2142 versabantur.
1281 2084 1417 2142 Haec
1450 2086 1596 2142 inter
1626 2084 1772 2142 mala
1792 2129 1806 2157 7
1839 2084 1900 2140 id
1929 2104 2064 2161 per-

479 2184 775 2243 commode
807 2185 1040 2259 accidit‚
1081 2186 1236 2263 quod
1275 2186 1481 2244 Insulae
1515 2195 1780 2264 praeesset
1817 2185 2064 2243 Clarissi-

478 2306 606 2343 mus
659 2287 1025 2361 Toscarinus‚
1088 2293 1249 2366 cujus
1303 2290 1573 2368 exemplis
1630 2299 1684 2348 et
1733 2292 2061 2350 auctoritate

477 2387 669 2444 Patres
701 2391 886 2446 omnia
927 2390 1111 2447 multo
1142 2412 1313 2468 quam
1350 2402 1709 2470 speraverant
1729 2393 1803 2449 ad
1827 2393 2063 2451 sarcien-

476 2489 579 2547 das
609 2489 893 2568 religionis
917 2491 1104 2549 clades
1135 2492 1382 2550 faciliora
1411 2495 1694 2552 invenere.
1720 2495 1847 2551 Pari
1870 2495 2059 2553 studio

475 2590 875 2667 Epidaurensis
916 2593 1261 2670 Respublica
1305 2595 1639 2673 (Ragusium
1670 2595 1839 2672 vulgo
1869 2595 2060 2672 appel-

474 2691 618 2770 lant)
644 2702 988 2766 nostrorum,
1016 2714 1159 2772 quos
1181 2697 1483 2769 acciverat,
1508 2697 1730 2755 labores
1752 2698 2051 2774 promovit.

474 2797 674 2874 Neque
724 2796 870 2854 intra
923 2799 1201 2855 civitatem
1259 2797 1475 2855 fructus
1539 2799 1804 2855 constitit.
1865 2798 2057 2857 Patres

475 2899 730 2958 Emerius
770 2899 841 2958 de
890 2900 1056 2958 Bonis
1097 2910 1153 2957 et
1195 2900 1382 2958 Julius
1421 2900 1818 2973 Mancinellus7
1860 2899 2059 2957 Sacer-

476 3002 676 3059 dotum
726 3022 829 3079 par
875 3003 1196 3080 egregium,
1245 3003 1318 3060 ad
1370 3003 1579 3082 Illyrici
1628 3004 1797 3062 maris
1843 3003 2055 3061 insulas

476 3124 605 3160 cum
637 3102 1070 3182 Archiepiscopo
1110 3103 1378 3181 profecti,
1432 3106 1734 3185 collapsam
1767 3106 1958 3166 multis
1992 3108 2052 3164 in

475 3203 609 3263 locis
637 3206 898 3282 pietatem
930 3217 1245 3265 erexerunt.
