2232 3590
167 1934 396 1989 Collegium

165 2002 342 2055 Ovietae‚
373 2006 415 2041 et

172 2437 427 2491 Pampilone.

492 264 611 323 316
1155 288 1397 327 EPITOME

495 411 625 447 cum
649 391 796 448 inter
821 391 1259 469 gubernatorem
1289 382 1448 453 urbis
1477 403 1533 454 et
1563 405 1818 455 sanctum
1848 395 2073 456 Archie-

493 492 790 569 piscopum
825 494 1088 552 Carolum
1121 495 1502 555 Borromaeum
1534 508 1654 555 orta
1684 512 1829 558 esset
1859 503 1929 559 de
1945 505 2074 579 jure

493 593 992 656 administrationis
1046 600 1452 672 controversia,
1505 602 1637 659 inde
1682 603 1895 680 aliquid
1936 605 2075 661 invi-

494 695 604 752 diae
646 698 704 753 in
748 698 1080 755 Societatem
1118 709 1174 756 et
1212 700 1481 758 molestiae
1517 706 1874 763 redundavit.
1909 707 2077 784 AEgre

493 798 713 856 ferebat
741 800 990 877 populus
1022 802 1209 858 eximii
1242 803 1507 863 Praesulis
1531 817 1778 864 exactam
1811 819 1866 867 et
1896 810 2078 866 invic-

494 912 607 958 tam
645 903 703 957 in
735 902 946 960 tuenda
977 923 1198 960 morum
1223 915 1278 962 et
1301 905 1559 965 Ecclesiae
1583 909 1875 988 disciplina
1897 913 2080 969 firmi-

495 1013 702 1070 tate1n3
765 1014 821 1061 et
879 1007 1011 1082 quia
1063 1007 1374 1084 plurimum
1427 1011 1696 1070 utebatur
1754 1013 2080 1072 hominibus

496 1107 819 1181 Societatis7
861 1109 1124 1186 serpebat
1159 1132 1375 1186 rumor⁷
1409 1114 1681 1193 pleraque
1711 1120 1831 1193 ejus
1855 1115 2083 1174 consilia

496 1220 553 1268 et
608 1210 756 1267 facta
800 1211 873 1269 ab
919 1214 984 1270 iis
1036 1215 1338 1290 proficisci.
1389 1216 1636 1276 Accessit
1675 1218 2086 1276 inconsiderata

496 1316 902 1373 concionatoris
924 1318 1100 1374 nostri
1123 1337 1259 1391 vox,
1294 1321 1392 1397 qui
1416 1322 1593 1378 sancti
1624 1321 1934 1380 Cardinalis
1964 1331 2086 1378 acta

497 1421 650 1477 visus
700 1430 784 1479 est
825 1420 883 1476 in
927 1421 1161 1496 gratiam
1208 1422 1636 1498 gubernatoris,
1685 1424 2080 1501 perstringere.

499 1524 609 1581 Sed
653 1527 849 1601 jussus
893 1522 1271 1599 imprudentis
1318 1524 1451 1581 dicti
1495 1527 1713 1582 veniam
1759 1524 2088 1602 suppliciter

498 1636 717 1704 petere,
763 1626 1042 1703 optimum
1087 1624 1408 1684 Antistitem
1461 1627 1621 1683 facile
1663 1627 1925 1703 placavit.
1968 1626 2090 1682 Hoc

499 1728 649 1784 enim
694 1728 838 1784 inter
883 1728 1064 1783 bonos
1115 1727 1478 1783 dissidiorum
1529 1728 1816 1803 ingenium
1863 1737 1978 1802 est,
2025 1735 2090 1786 ut

503 1839 825 1900 exerceant„
858 1848 973 1884 nou
1003 1828 1263 1883 minuant
1295 1828 1644 1885 charitatem.

669 1931 734 1988 In
790 1931 1057 2007 Hispania
1103 1931 1417 2008 Collegium
1477 1933 1773 1990 Ovietense
1830 1931 2092 1990 fundavit

505 2033 856 2111 Magdalenae
881 2033 1059 2090 Ulloae
1084 2034 1298 2112 prolixa
1323 2045 1378 2092 et
1401 2036 1607 2112 saepius
1631 2044 1859 2112 experta
1890 2034 2093 2092 libera·

509 2137 656 2195 litas.
707 2137 870 2193 Initio
921 2157 1034 2194 una
1084 2147 1307 2195 tantum
1358 2159 1667 2216 puerorum
1710 2139 1966 2196 instituta
2008 2150 2092 2196 est

509 2240 735 2312 classis7
781 2241 870 2296 cui
914 2240 1036 2296 aliae
1085 2240 1290 2299 deinde
1332 2243 1561 2300 additae.
1605 2243 1820 2301 Interea
1863 2243 2096 2300 resusci-

508 2353 657 2400 tatus
689 2343 1178 2400 Sacramentorum
1213 2365 1383 2418 usuS,
1419 2356 1473 2403 et
1502 2366 1706 2423 magno
1744 2367 1873 2403 cum
1906 2346 2096 2403 fructu

507 2447 566 2502 in
596 2465 758 2522 agros
789 2446 1175 2522 circumjectos
1205 2467 1504 2505 excursum
1535 2458 1638 2506 est.
1669 2448 2095 2525 pampilonense

510 2550 823 2626 Collegium
875 2548 1120 2607 ‚Ioannes
1173 2551 1427 2608 Pinierus
1448 2597 1462 2624 7
1515 2551 1768 2608 indidem
1820 2550 2094 2606 oriundus

510 2652 644 2710 civis
665 2696 679 2722 7
705 2652 762 2706 in
788 2651 973 2707 lucem
1005 2651 1211 2721 edidit3
1248 2653 1575 2709 Franciscus
1601 2671 1728 2708 vero
1760 2650 2053 2708 Hurtadus
2074 2694 2090 2724 ‚

509 2754 667 2830 regni
695 2753 979 2810 Navarraei
1005 2752 1240 2825 Prorex⁷
1268 2752 1511 2829 benigne
1537 2753 1834 2829 promovit.
1866 2751 2096 2808 Solebat

510 2856 602 2913 hic
633 2855 817 2912 dicere
855 2877 865 2910 :
900 2855 1198 2931 indignum
1229 2875 1378 2926 esse,
1415 2864 1478 2910 ut
1508 2864 1663 2916 terra
1690 2854 1887 2929 Ignatii
1919 2853 2096 2909 Xave-

511 2962 693 3038 riique
717 2978 917 3036 parens
949 2968 1004 3015 et
1032 2957 1196 3014 altrix
1227 2956 1410 3014 nullas
1442 2976 1635 3013 eorum
1669 2955 1868 3031 stirpes
1897 2954 2097 3011 retine-

513 3074 598 3121 ret
618 3109 632 3137 7
665 3083 908 3140 quorum
934 3064 990 3118 in
1014 3061 1118 3118 hac
1141 3061 1366 3118 dioecesi
1389 3060 1685 3116 exstabant
1707 3055 2054 3113 incunabula
2075 3098 2091 3128 7

515 3176 571 3223 et
601 3168 722 3244 ipsa
762 3166 998 3222 civitatis
1035 3184 1164 3236 arx„
1198 3162 1472 3241 Loyolacae
1496 3159 1851 3229 ⁴fortitudinis
1888 3176 2097 3213 monu-

517 3279 797 3328 mentum.
854 3269 1069 3327 Domus
1119 3266 1507 3327 Professorum
1549 3263 1789 3343 geminae
1846 3257 2097 3317 fundatae
