2232 3590
471 261 741 300 HISTORIAE
785 257 1104 295 socffiTATrs
1149 259 1299 296 JESU.
1554 236 1668 296 169

115 383 394 424 armorum
443 364 651 434 nitore,
701 363 984 436 majestate
1026 357 1215 415 vultus
1265 360 1568 434 insignem,
1614 361 1673 415 in

114 467 264 522 hunc
315 462 556 521 subditis
606 480 750 538 equo
794 459 1136 530 calcaribus,
1191 459 1490 515 invehitur.
1546 461 1674 516 Pro-

113 565 282 621 currit
309 565 547 621 vicissim
569 564 626 618 in
649 563 878 618 obvium
901 561 1094 618 hostis.
1129 558 1281 617 Acies
1302 561 1519 635 gemina
1547 580 1673 616 con-

111 665 274 737 sistit,
323 666 635 722 certaminis
679 675 881 721 eventu
910 682 1198 740 suspensa.
1249 662 1376 718 Non
1418 660 1526 716 fuit
1556 660 1676 717 diu-

111 774 364 822 turnum.
421 765 758 823 Adolescens
802 765 904 822 ubi
944 783 1248 842 parumper
1296 761 1673 837 obequitavit,

113 870 339 926 sortitus
382 868 598 925 vulneri
642 866 865 937 locum,
909 886 1019 942 qua
1053 865 1237 921 loricae
1279 881 1408 940 pars
1443 870 1680 937 utraque

113 971 500 1041 committitur,
541 979 596 1026 et
624 967 950 1038 interlucet,
982 967 1128 1023 latus
1163 967 1452 1022 inimicum
1488 964 1680 1020 lancea

112 1073 420 1141 transfixit,
466 1070 746 1146 simulque
784 1068 1043 1125 desiliens
1079 1087 1254 1143 equO,
1293 1068 1459 1124 armis
1485 1070 1680 1143 jacen-

117 1183 227 1229 tem
263 1172 537 1249 spoliavit.
577 1171 794 1228 Amisso
826 1170 999 1241 duce,
1037 1168 1274 1225 rebelles
1304 1170 1481 1226 effuso
1514 1187 1682 1225 cursu

117 1276 394 1351 recipiunt
446 1294 503 1332 se
558 1276 616 1330 in
667 1283 873 1345 castra,
931 1272 1140 1348 quibus
1199 1273 1379 1343 exuti,
1434 1270 1684 1347 praedam

115 1379 429 1453 ingentem,
478 1387 532 1434 et
580 1376 812 1454 gloriam
854 1374 1101 1431 Gotianis
1148 1373 1442 1449 reliquere.
1501 1372 1685 1427 Decus

114 1487 301 1534 tamen
358 1479 599 1534 victoriae
657 1496 828 1554 penes
880 1475 1252 1546 Christianos,
1308 1473 1542 1530 ethnicis
1592 1490 1686 1528 ore

117 1599 231 1637 uno
261 1579 602 1652 fatentibus,
640 1579 864 1636 mansit.

282 1681 416 1738 Tam
442 1681 709 1757 singulari
730 1680 976 1737 numinis
999 1677 1185 1735 favore
1207 1687 1497 1755 permotus
1519 1678 1685 1754 Regis
1723 1684 1787 1750 ‘et
1810 1676 2018 1729 Principes

118 1781 269 1839 filius
298 1793 434 1839 natu
468 1786 666 1859 major,
705 1803 833 1838 cum
863 1781 1131 1838 sexcentis
1161 1780 1311 1852 aliiS,
1349 1799 1502 1837 sacro
1533 1778 1686 1835 fonte
1721 1744 1861 1786 msulae
1881 1745 1997 1784 ‘3⁰1⁰'

119 1887 389 1945 lustratus
418 1895 535 1958 est,
569 1905 631 1941 ac
653 1884 922 1941 Ludovici
944 1883 1186 1939 donatus
1215 1881 1473 1950 nomine,
1501 1879 1690 1936 Mariae

118 2008 322 2045 nomen
368 1988 529 2044 uxori
564 1991 683 2063 ejus
719 1985 1065 2061 impositum.
1101 1984 1302 2059 Magna
1339 1982 1446 2037 fuit
1481 1981 1693 2038 adoles-

121 2092 266 2147 centi
290 2090 531 2164 Principi
555 2108 684 2143 cum
712 2085 959 2162 profanis
990 2084 1269 2140 idolorum
1295 2081 1691 2139 Sacerdotibus

121 2190 436 2259 altercati03
484 2188 724 2243 maxima
771 2207 898 2243 cum
939 2194 1127 2262 patre,
1169 2185 1267 2260 qui
1310 2183 1493 2240 filium
1536 2183 1692 2238 initio

121 2310 236 2347 non
292 2289 522 2346 moleste
577 2288 783 2344 tulerat
841 2288 1132 2344 accessisse
1188 2286 1259 2341 ad
1312 2285 1653 2342 Christianos
1674 2329 1688 2357 ,

124 2411 364 2469 quorum
396 2390 574 2466 legem
613 2388 894 2466 probabat
923 2397 987 2444 ut
1019 2408 1237 2460 veram,
1273 2398 1328 2444 et
1351 2397 1413 2444 ut
1446 2397 1692 2445 sanctam

123 2494 348 2551 amabat
392 2515 403 2548 :
456 2511 647 2549 verum
687 2490 1013 2548 seditionem
1037 2535 1051 2562 ,
1103 2489 1321 2546 facibus
1362 2490 1694 2545 Bonziorum

123 2615 445 2666 accensam,
493 2602 547 2650 et
593 2594 653 2648 in
696 2611 856 2649 suam
898 2612 962 2648 ac
1006 2592 1158 2668 regni
1201 2591 1503 2668 perniciem
1539 2590 1697 2647 brevi

124 2708 450 2775 erupturam
468 2742 481 2769 ,
506 2697 738 2765 timens3
775 2695 915 2752 serio
947 2695 1005 2749 in
1035 2713 1158 2750 eam
1179 2692 1441 2749 incubuit
1465 2711 1655 2748 curam
1678 2735 1693 2762 ,

126 2809 191 2856 ut
212 2798 392 2854 filium
416 2798 487 2854 ad
511 2798 744 2874 pristina
771 2805 1053 2853 revocaret
1091 2815 1267 2866 sacra,
1294 2793 1382 2850 vel
1408 2792 1602 2850 saltem
1625 2790 1698 2847 ad

130 2900 535 2959 dissimulanda
565 2899 875 2956 Christiana
908 2898 1179 2955 flecteret.
1216 2896 1493 2953 Neutrum
1526 2893 1698 2968 impe-

132 3004 314 3059 travit.
357 3001 498 3076 Ergo
530 3001 602 3056 ad
637 3001 908 3056 severiora
939 2999 1203 3076 delapsus
1232 2995 1490 3065 consilia,
1531 2993 1699 3050 edicit

134 3123 204 3159 ne
225 3104 349 3179 quis
379 3101 584 3160 Christi
611 3101 804 3158 Fidem
836 3102 1129 3178 suscipiat,
1163 3108 1227 3155 ut
1257 3117 1446 3155 omnes
1477 3116 1698 3174 suscep-

135 3215 248 3262 tam
303 3206 617 3283 deponant3
665 3205 989 3282 capitalem,
1046 3204 1091 3260 si
1139 3202 1265 3277 quis
1321 3217 1478 3257 secus
1528 3197 1693 3270 faxit,
