2232 3590
478 295 749 332 msTomAE
790 295 1109 333 SOCIETATIS
1152 299 1301 337 JESU.
1538 279 1658 340 273

96 397 383 470 audierat,
409 405 465 454 et
486 398 545 453 in
566 396 822 453 fraternis
844 397 1113 474 exemplis
1134 399 1359 474 vitaque
1389 401 1659 478 suspicie-

99 497 217 555 bat.
264 499 535 555 Praeterea
567 498 858 554 florentem
903 499 1059 572 regni
1102 498 1369 554 Omurani
1414 510 1655 576 statum,

94 609 402 676 reportatas
433 600 681 676 proxime
712 598 783 655 de
812 599 1148 674 gravissimis
1184 599 1442 658 hostibus
1474 622 1504 657 a
1535 603 1661 659 Bar-

94 701 391 759 tholomaeo
417 702 670 758 victorias
693 745 707 772 ,
754 701 1107 758 concordiam
1142 699 1582 758 Christianorum
1606 713 1663 760 et

93 821 220 858 cum
258 821 358 860 suo
392 802 542 878 Rege
574 802 1023 875 consensionem,
1062 803 1447 874 considerans,
1473 813 1663 862 tenere

91 919 151 959 se
181 921 292 959 non
316 904 498 979 potuit
531 904 669 979 quin
696 903 759 959 P.
791 902 1099 961 Almeidam
1125 915 1453 978 arcesseret,
1487 926 1518 962 a
1547 925 1661 982 quo

91 1002 312 1078 plenius
354 1003 700 1076 edoceretur,
746 1012 800 1060 et
841 1003 1067 1060 salutari
1112 1004 1314 1062 balneo
1357 1005 1655 1063 lavaretur.

91 1106 309 1163 Nomen
352 1105 434 1161 illi
484 1104 733 1162 Andreas
783 1103 1016 1160 factum.
1067 1104 1199 1180 Ejus
1243 1126 1404 1179 uxor,
1463 1107 1657 1180 frater,

90 1224 268 1279 soror,
313 1206 518 1281 aliique
557 1205 763 1281 passim
813 1225 844 1262 e
879 1204 1170 1262 nobilitate
1214 1225 1278 1262 ac
1317 1207 1528 1283 populo
1568 1228 1661 1266 sa-

93 1328 250 1365 crum
296 1307 508 1365 fontem
557 1306 937 1383 impleverunt
987 1303 1168 1379 adeO,
1222 1315 1286 1364 ut
1335 1309 1513 1384 spatio
1564 1329 1660 1366 sex

90 1410 370 1467 mensium
400 1427 670 1465 numerus
692 1407 764 1463 ad
786 1407 960 1464 millia
984 1408 1305 1484 quindecim
1329 1410 1652 1467 excreverit.

89 1508 444 1586 Praecipuum
484 1509 614 1564 dein
665 1508 821 1565 urbis
873 1507 1079 1565 Arimae
1129 1509 1404 1586 templum
1436 1510 1656 1569 Christo

87 1608 368 1681 dicatum,
431 1618 626 1665 erectae
677 1629 777 1685 per
819 1611 1027 1687 oppida
1074 1630 1361 1688 pagosque
1416 1612 1652 1686 CruceS,

86 1710 337 1787 trophaea
389 1710 687 1766 debellatae
736 1711 1057 1787 impietatis.
1107 1711 1196 1768 Ad
1248 1721 1413 1768 tantae
1461 1714 1656 1771 messis

85 1811 378 1868 cumulum
421 1812 649 1869 accessit
686 1811 954 1885 Michael,
995 1812 1331 1869 Amacusani
1382 1813 1654 1890 Principis

85 1912 270 1984 filius,
316 1915 564 1989 itemque
610 1913 854 1970 mirabili
903 1915 1093 1990 gratiae
1146 1914 1349 1970 divinae
1398 1914 1654 1992 prodigio

87 2033 386 2072 conversus
417 2013 490 2070 ad
517 2014 711 2071 Fidem
744 2015 1019 2091 pessimus
1053 2014 1320 2086 BonziuS,
1356 2015 1455 2091 qui
1489 2024 1653 2072 sectae

84 2116 401 2173 Itcoxorum
436 2115 693 2173 columen
721 2116 1060 2173 habebatur.
1097 2114 1168 2173 At
1190 2115 1407 2174 nobiles
1438 2117 1654 2174 circiter

83 2217 277 2293 viginti
301 2236 605 2274 convenere
631 2217 690 2272 in
713 2217 1018 2293 quamdam
1042 2215 1347 2274 sodalitatis
1376 2216 1614 2273 formam
1631 2261 1646 2290 ,

86 2326 152 2373 ut
187 2317 389 2376 diebus
430 2319 734 2376 Dominicis
766 2327 893 2396 post
932 2337 1152 2375 sacrum
1200 2327 1255 2375 et
1289 2317 1647 2391 concionem,

85 2437 234 2474 unus
256 2419 314 2474 in
344 2418 540 2476 orbem
569 2419 704 2478 alios
727 2419 980 2476 convivio
1003 2420 1283 2496 exciperet
1316 2440 1380 2477 ea
1408 2419 1531 2497 lege
1549 2465 1563 2494 ,
1589 2429 1654 2477 ut

84 2520 241 2577 nulla
275 2521 348 2578 de
376 2541 436 2578 re
464 2522 621 2579 fieret
650 2541 831 2579 sermo
863 2530 1042 2577 totum
1074 2521 1223 2578 diem
1244 2523 1351 2579 nisi
1381 2522 1451 2579 de
1480 2523 1654 2580 rebus

85 2622 286 2680 divinis
308 2668 322 2697 ,
361 2624 547 2700 deque
574 2623 726 2681 falsis
759 2623 1111 2681 ethnicorum
1148 2625 1460 2683 rationibus
1490 2625 1653 2683 refel-

83 2722 286 2782 lendis,
315 2726 434 2796 Qua
460 2726 846 2782 exercitatione
868 2734 1081 2783 tantam
1111 2736 1243 2784 sunt
1265 2726 1502 2784 coelestis
1524 2727 1653 2784 doc-

84 2823 246 2879 trinae
276 2826 642 2901 cognitionem
667 2826 886 2903 adepti,
918 2837 984 2883 ut
1010 2846 1174 2884 nemo
1201 2827 1291 2884 vel
1319 2848 1350 2884 e
1379 2827 1651 2885 veteranis

85 2924 301 2982 Bonziis
351 2945 479 2982 cum
528 2946 722 2984 eorum
779 2929 1043 3005 quopiam
1094 2928 1325 2985 auderet
1371 2936 1651 2984 certamen

85 3026 450 3082 committere.
486 3027 706 3097 Quanto
728 3029 1014 3104 Meacum,
1048 3031 1302 3108 Japoniae
1333 3038 1533 3106 caput,
1557 3049 1651 3086 an-

84 3125 290 3182 tecellit
327 3125 561 3200 Arimae,
602 3137 756 3186 tanto
795 3133 1142 3208 conspectior
1178 3132 1256 3188 ibi
1300 3130 1475 3207 gloria
1517 3129 1651 3186 reli-

83 3227 262 3302 gionis
303 3227 430 3285 fuit.
471 3229 728 3307 Coeperat
760 3253 822 3290 ea
857 3237 975 3310 jam
1014 3234 1087 3291 ab
1119 3234 1332 3310 aliquot
1366 3232 1524 3291 annis
1553 3252 1651 3309 per

347 3351 510 3411 Tom.
560 3349 648 3410 II.
1332 3352 1405 3409 18

1748 413 1793 452 ln
1817 414 1986 466 Japonia

1694 477 1776 517 Rex
1791 478 1929 518 Arimae
1945 478 1988 518 fit

1693 541 1955 583 Christianus.
