2232 3590
488 261 757 298 HISTORlAE
800 260 1117 298 soCOETA‘rrs
1160 262 1308 299 JESU.
1563 242 1679 302 327

130 368 316 424 Patres
358 366 600 423 Joannes
635 365 877 440 Baptista
909 364 1162 434 ElianuS,
1190 371 1244 419 et
1278 363 1520 433 Joannes
1551 364 1683 420 Bru-

128 487 235 525 nus
255 512 270 539 ,
304 466 571 544 Tripolim
602 466 875 522 pheniciae
906 465 1065 519 tertio
1097 462 1367 521 Calendas
1411 465 1684 536 Quintiles

129 569 448 643 attigerunt.
492 566 626 624 Inde
655 565 930 642 progressi
965 563 1035 619 ad
1066 564 1469 636 patriarcham,
1502 565 1684 642 Syno-

129 668 265 724 dum
287 669 634 737 indixerunt,
660 687 787 744 quae
817 687 962 724 anno
989 646 1238 744 sequenti
1265 678 1346 725 est
1377 669 1587 725 habita.
1622 670 1684 725 In

128 788 191 826 ea
220 770 450 846 pallium
473 814 486 841 ,
520 790 548 825 a
579 769 846 826 Pontifice
876 771 1102 827 missum
1127 814 1140 841 ,
1174 769 1384 827 faustos
1418 770 1562 826 inter
1590 789 1686 846 po-

126 869 247 946 puli
276 870 505 946 plausus
536 873 775 948 accepit,
811 870 956 928 edita
993 870 1173 947 palam
1206 879 1290 928 est
1319 871 1391 927 ab
1422 871 1685 929 omnibus

124 970 276 1027 Fidei
299 971 569 1048 professio
590 1017 604 1045 ,
631 973 838 1029 conditi
863 993 1098 1030 canones
1119 1017 1133 1045 ,
1166 975 1430 1051 recogniti
1458 993 1683 1031 rursum

124 1082 182 1130 et
221 1074 497 1131 emendati
541 1073 700 1146 libri,
741 1094 971 1131 munera
1015 1075 1302 1131 Pontificia
1347 1074 1682 1146 distributa,

125 1193 361 1251 magnus
393 1194 674 1232 sacrorum
711 1175 976 1248 calicum,
1009 1185 1064 1233 et
1101 1185 1553 1233 ornamentorum
1585 1197 1687 1233 nu-

122 1294 341 1348 merus,
386 1277 515 1333 item
566 1276 914 1334 voluminum
967 1276 1201 1335 Arabice
1245 1279 1685 1355 conscriptorum

124 1374 378 1450 oblatus,
410 1380 627 1435 nummi
649 1381 814 1436 etiam
844 1381 901 1436 in
927 1390 1178 1457 egentem
1209 1381 1561 1458 plebeculam
1593 1381 1686 1436 di-

122 1479 244 1535 visi.
287 1479 375 1536 Ad
414 1491 725 1538 extremum
768 1492 882 1539 tota
924 1482 1175 1541 dioecesis
1210 1504 1241 1540 a
1286 1484 1547 1541 Patribus
1590 1482 1685 1540 lu-

122 1589 312 1638 strata.
376 1584 741 1654 Damascum,
797 1585 1054 1641 absoluta
1106 1585 1331 1663 Synodo
1353 1631 1366 1657 ,
1418 1585 1682 1663 profecti,

122 1682 422 1759 Maronitas
473 1685 552 1740 ibi
602 1684 864 1760 degentes
908 1686 1218 1744 excoluere.
1276 1685 1685 1743 Antiochenum

121 1804 349 1862 quoque
376 1785 748 1842 patriarcham
780 1786 1100 1842 Graecorum
1131 1795 1510 1842 convenerunt
1541 1807 1551 1840 :
1587 1785 1685 1842 sed

123 1906 253 1944 cum
293 1887 387 1943 ille
428 1887 567 1943 nihil
602 1888 718 1965 spei
754 1887 1097 1959 ostenderet,
1131 1887 1195 1943 P.
1229 1887 1455 1944 Elianus
1490 1887 1686 1944 Mena-

121 1986 279 2064 phim
328 1990 602 2064 perrexit,
659 1990 879 2047 Brunus
929 1991 1198 2061 Romam,
1247 1999 1311 2046 ut
1357 1989 1685 2046 Pontificem

121 2089 397 2148 edoceret.
462 2092 569 2163 Qui
619 2101 915 2168 postquam
969 2093 1231 2168 pietatem
1281 2090 1682 2147 Maronitarum

123 2201 177 2248 et
196 2192 254 2247 in
276 2193 524 2249 Romana
549 2193 684 2250 Fide
709 2194 1074 2250 constantiam
1106 2193 1348 2269 accepit,
1382 2191 1491 2248 illis
1523 2190 1684 2247 colle-

120 2295 275 2371 gium
323 2279 514 2373 postea
553 2297 612 2352 in
662 2296 802 2352 urbe
853 2295 1007 2352 dedit
1041 2294 1088 2367 *Ἴ
1133 2294 1284 2370 quod
1330 2313 1361 2348 a
1411 2291 1563 2348 Sixto
1611 2291 1682 2364 V,

123 2396 369 2472 Gregorii
394 2417 708 2455 successore
731 2397 1014 2455 Societatis
1037 2416 1185 2453 curae
1202 2395 1558 2452 commissum
1577 2403 1678 2450 est.

287 2497 576 2575 Expeditio
625 2499 929 2576 Mogolica,
983 2519 1093 2577 non
1144 2498 1384 2574 abrupta
1432 2498 1685 2573 penituS,

128 2597 226 2656 sed
255 2618 557 2677 parumper
590 2602 899 2677 interrupta
929 2599 1055 2657 fuit.
1092 2601 1280 2657 Patres
1316 2598 1693 2656 audiebantur

129 2719 276 2776 saepe
312 2722 376 2759 ac
407 2703 647 2761 libenter
675 2703 748 2759 ab
779 2703 1145 2779 Imperatore,
1174 2700 1556 2758 nosocomium
1579 2742 1593 2769 ,
1625 2716 1690 2754 eo

128 2802 482 2862 vehementer
511 2806 785 2882 probante
805 2850 818 2876 ,
846 2825 909 2860 ac
938 2812 1225 2879 sumptum
1263 2800 1684 2876 suppeditante,

130 2915 582 2978 construxerant,
636 2908 916 2965 scientiam
969 2905 1161 2963 salutis
1212 2902 1422 2980 populo
1474 2900 1689 2957 tradere

130 3007 511 3079 instituerant,
553 3028 679 3064 cum
715 3028 937 3085 gravem
973 3008 1246 3063 universae
1282 3004 1519 3059 nationis
1555 3001 1691 3057 invi-

133 3109 282 3166 diam
315 3120 698 3187 susceperunt.
731 3111 963 3186 Vigebat
985 3107 1136 3185 apud
1167 3104 1412 3182 Mogoles
1441 3123 1471 3160 e
1499 3101 1694 3179 priscis

137 3212 403 3270 Indorum
429 3213 680 3271 moribus
711 3212 880 3270 ducta
908 3207 1285 3280 consuetudO,
1318 3216 1382 3263 ut
1410 3221 1608 3262 uxores
1637 3202 1695 3258 in

1793 2110 2016 2164 Collegium

1720 2175 2009 2217 Maronitarum

1722 2240 1762 2280 in
1787 2240 1913 2292 Urbe,

1723 2306 1741 2326 ²*
1756 2317 1873 2347 anno
1895 2305 2015 2347 1584.
