2232 3590
462 245 733 285 msTomAE
774 242 1093 280 socrE'rA'rffi
1136 247 1286 284 Jsssu.
1577 228 1651 287 81

239 379 245 386 ·
261 351 446 406 Partes
468 347 689 403 Parisiis
713 363 840 402 suas
858 343 1060 420 agebat
1082 345 1315 421 impigre
1329 346 1392 402 P.
1414 349 1445 404 J
1452 369 1654 410 oannes

95 451 386 510 Polancus.
423 450 619 507 Bezam
655 457 709 504 et
745 448 863 522 ejus
894 443 1140 522 gregales
1183 444 1434 503 hortatus
1474 460 1556 506 est
1591 461 1655 508 ut

95 555 354 609 interesse
378 549 622 607 Concilio
646 568 714 604 ne
739 555 1131 603 cunctarentur
1154 568 1164 602 :
1187 566 1428 623 cumque
1451 551 1654 610 multas

92 653 394 730 objicerent
423 651 780 707 difficultates
802 695 814 722 ,
841 651 915 705 ita
938 668 1129 706 omnes
1154 649 1557 726 complanavit,
1592 663 1655 708 ut

92 753 173 809 illi
210 754 460 810 assentiri
492 761 849 828 cogerenturg
893 761 948 808 et
977 762 1266 828 appareret
1296 753 1401 810 nisi
1435 774 1533 830 per
1562 773 1655 812 eos

93 873 205 910 non
255 863 399 911 stare
440 855 742 931 quominus
792 855 1206 930 opportunitate
1259 856 1656 932 cognoscendae

93 958 336 1014 veritatis
379 965 688 1013 uterentur.
744 954 872 1011 Erat
914 954 1244 1013 Perosellius
1291 975 1404 1012 non
1446 959 1658 1035 exiguae

89 1058 233 1114 inter
265 1058 476 1115 Calvini
516 1055 819 1133 discipulos
850 1055 1033 1113 famae.
1079 1057 1223 1114 Huic
1252 1057 1443 1116 multis
1473 1059 1658 1118 verbis

90 1159 427 1235 persuadere
464 1168 691 1215 conatus
722 1167 836 1230 est,
878 1167 941 1215 ut
970 1159 1283 1237 Principem
1316 1161 1654 1236 Condaeum,

91 1260 243 1337 apud
287 1281 456 1337 quem
508 1261 833 1317 auctoritate
882 1259 1134 1332 valebat,
1181 1261 1253 1316 ad
1305 1265 1656 1321 concordiam

92 1381 220 1418 cum
266 1362 545 1419 catholicis
594 1360 923 1438 impelleret.
977 1360 1250 1417 Praeterea
1301 1362 1551 1440 collegit,
1604 1375 1659 1421 et

87 1465 232 1521 inter
271 1483 526 1541 proceres
561 1462 871 1540 spargenda
913 1462 1126 1519 curavit
1157 1463 1410 1540 exempla
1452 1464 1659 1521 Princi-

86 1546 257 1642 pum,
297 1583 539 1641 quorum
577 1565 842 1621 memoria
874 1565 1158 1641 perpetuis
1194 1564 1266 1620 ad
1296 1566 1657 1642 ignominiam

87 1666 232 1723 notis
269 1666 454 1723 inusta
493 1665 699 1743 legitur
739 1666 798 1721 in
842 1666 1008 1723 sacris
1046 1666 1374 1740 annalibus,
1420 1668 1494 1724 ob
1535 1689 1657 1725 eam

89 1786 311 1825 causam
349 1766 503 1844 quod
545 1766 817 1825 haereseos
859 1768 1233 1844 patrocinium
1276 1770 1655 1846 susceperint,

87 1874 175 1932 vel
197 1874 572 1952 Apostolicam
603 1877 1050 1952 oppugnaverint
1080 1877 1311 1951 Sedem,
1345 1880 1440 1955 qui
1466 1898 1657 1938 omnes

87 1995 280 2053 poenas
310 1976 529 2034 debitas
560 1977 760 2034 misera
791 1987 969 2034 morte
998 1979 1407 2055 persolverunt.

250 2076 454 2132 Parum
486 2076 604 2133 haec
641 2078 885 2153 partium
920 2079 1219 2155 impiorum
1250 2081 1432 2138 Duces
1464 2101 1657 2140 move—

91 2187 225 2234 runt
267 2199 277 2232 :
326 2197 569 2254 cumque
617 2178 1017 2236 Pisciacensem
1070 2191 1405 2238 conventum
1456 2203 1657 2259 parum

88 2277 318 2335 feliciter
349 2279 610 2335 cecidisse
649 2289 971 2351 cernerent,
1014 2279 1184 2337 alium
1216 2283 1573 2358 postularunt
1600 2286 1660 2341 in

87 2382 236 2458 regia
272 2381 456 2437 Sancti
498 2380 759 2436 Germani
800 2381 951 2440 villa.
991 2382 1056 2438 In
1092 2402 1157 2439 eo
1196 2383 1340 2440 male
1382 2385 1587 2461 pariter
1627 2406 1658 2442 a

89 2481 424 2539 Doctoribus
456 2481 739 2540 catholicis
765 2492 819 2540 et
847 2482 1037 2540 Lainio
1067 2485 1298 2561 accepti.
1331 2485 1473 2542 Cum
1495 2486 1662 2563 jube-

88 2591 281 2639 rentur
323 2585 621 2641 sententias
651 2603 778 2642 suas
809 2584 1073 2643 exhibere
1116 2587 1348 2664 scriptas
1369 2631 1383 2660 ,
1427 2607 1556 2664 quae
1587 2588 1660 2644 ad

90 2685 448 2759 Pontificem,
482 2696 579 2743 aut
609 2687 918 2744 Concilium
955 2687 1345 2744 Tridentinum
1378 2688 1660 2745 mitteren-

89 2796 203 2860 tur,
237 2809 421 2864 neque
462 2789 605 2845 inter
635 2808 692 2846 se
723 2791 1132 2863 consentirent,
1168 2791 1387 2848 Coetum
1418 2791 1658 2868 abrupe-

90 2898 250 2962 runt,
291 2900 347 2947 et
384 2910 414 2946 a
451 2890 634 2948 verbis
672 2891 744 2947 ad
785 2911 937 2948 arma
969 2892 1178 2968 quibus
1209 2892 1569 2949 confidebant
1599 2910 1656 2949 se

95 2993 402 3068 superiores
434 2992 581 3065 fore,
616 3013 773 3051 curas
803 3013 868 3050 ac
891 2993 1074 3051 studia
1105 3003 1515 3051 converterunt.

255 3092 407 3149 Idem
440 3094 656 3171 ubique
682 3096 969 3172 ingenium
1002 3107 1083 3154 est
1112 3096 1530 3166 haereticorum,
1565 3113 1656 3150 ea-

98 3191 224 3250 dem
249 3196 547 3271 pertinacia
566 3241 580 3268 ,
615 3195 830 3272 levitas,
853 3200 1086 3258 inscitia.
1117 3201 1232 3257 Nec
1252 3200 1479 3255 mirum.
1508 3196 1657 3268 Quid

355 3305 517 3364 Tom.
566 3305 653 3363 II.
1378 3310 1412 3366 6
