2232 3590
190 1277 284 1305 eum
334 1264 384 1305 ad
428 1260 490 1304 Fi-

190 1328 283 1370 dem
346 1331 491 1370 Roma-

194 1407 288 1436 nam
312 1400 488 1436 revocat.

192 2183 333 2225 *P.I.
353 2185 382 2225 l.
404 2184 489 2226 VI.

190 2261 288 2302 cap.
308 2250 378 2291 51.

522 211 643 275 288
1186 241 1428 280 EPITOME

522 339 947 397 concedendum
970 340 1125 418 quod
1148 362 1179 399 a
1202 343 1447 401 Concilio
1465 343 1792 402 Tridentino
1812 344 2097 423 plerisque

521 440 877 518 Principibus
920 445 1082 516 viris,
1114 454 1170 501 et
1216 446 1323 522 ipsi
1367 446 1720 504 Ferdinando
1757 446 2096 524 Imperatore

526 556 790 622 negatum
832 546 1042 621 fuerat,
1081 569 1210 606 cum
1253 548 1466 605 eaedem
1503 547 1744 624 negandi
1781 568 1962 606 causae
1993 557 2099 605 sta-

523 657 669 705 rent.
706 649 1082 707 Nihilominus
1113 649 1257 705 cavit
1286 668 1356 704 ne
1385 649 1557 706 verbo
1589 650 1814 707 duriore
1846 651 2094 706 animum

526 749 692 827 Regis
733 751 1103 822 abalienaret,
1149 750 1460 827 praesertim
1501 771 1631 807 cum
1665 751 1922 808 Pontifici
1963 769 2101 806 non-

525 849 664 906 dum
688 860 833 907 esset
861 850 1261 923 deliberatum,
1286 860 1342 907 et
1372 852 1740 908 constitutum
1763 852 1904 929 quid
1933 870 2102 928 super

526 950 612 1008 his
647 951 927 1029 capitibus
956 953 1205 1029 responsi
1231 951 1410 1009 daret.
1440 954 1586 1010 Tum
1622 963 1809 1010 autem
1840 954 2103 1031 sperabat

527 1052 735 1129 Regem
757 1098 771 1125 7
814 1054 857 1111 si
895 1054 1066 1112 semel
1103 1064 1429 1132 agnosceret
1463 1057 1848 1113 auctoritatem
1885 1057 2101 1113 Summi

525 1153 841 1229 Pontificis⁷
873 1176 988 1213 non
1017 1177 1166 1234 aegre
1194 1157 1268 1214 ad
1296 1156 1578 1216 molliores
1609 1158 1954 1215 conditiones
1985 1157 2106 1216 des·

528 1275 850 1314 censurum.
900 1258 1097 1335 Itaque
1127 1258 1449 1317 faciendum
1477 1268 1607 1317 ante
1635 1260 1821 1316 omnia
1855 1259 2103 1332 censuit,

528 1370 592 1418 ut
619 1361 818 1420 haeresi
859 1363 1114 1440 deposita
1152 1362 1404 1420 debitam
1443 1362 1562 1420 sedi
1599 1360 1934 1439 Apostolicae
1964 1361 2107 1418 obe-

529 1464 798 1521 dientiam
841 1474 896 1523 et
938 1466 1279 1542 obsequium
1315 1464 1707 1542 profiteretur3
1755 1484 1820 1520 ac
1863 1463 2104 1521 vicissim

527 1566 784 1643 promisit
817 1565 1074 1624 futurum
1110 1566 1250 1622 nihil
1294 1565 1439 1623 aulae
1480 1566 1749 1622 Roma'nae
1784 1565 2103 1641 antiquiUS,

526 1687 701 1743 quam
733 1677 797 1725 ut
831 1669 939 1746 ipsi
974 1669 1106 1727 satis
1135 1669 1362 1725 omnino
1390 1666 1570 1723 fieret.
1605 1663 1785 1721 Multa
1806 1665 2106 1722 Possevino

527 1771 647 1828 Rex
670 1772 878 1848 objecit
897 1815 912 1844 7
949 1770 1138 1847 qualia
1159 1768 1275 1825 fere
1299 1767 1373 1823 ab
1403 1767 1470 1823 iis
1493 1766 1841 1842 objiciuntur
1863 1785 2107 1842 quorum

528 1873 727 1929 animis
749 1871 1012 1930 tenebras
1039 1889 1193 1929 error
1214 1878 1271 1927 et
1298 1870 1516 1927 inscitia
1549 1868 1840 1926 catholicae
1864 1870 2108 1928 veritatis

528 1973 755 2031 offudit.
792 1974 1066 2050 Pleraque
1095 1972 1430 2032 Possevinus
1459 1973 1579 2050 ipse
1601 1972 1797 2030 litteris
1827 1973 2114 2051 consigna-

526 2080 642 2151 vit,
684 2080 742 2135 in
785 2098 850 2136 eo
886 2078 1037 2135 libro
1082 2096 1253 2155 quem
1291 2074 1701 2134 Bibliothecam
1738 2074 1998 2132 selectam
2030 2074 2113 2130 in-

527 2182 748 2259 scripsit
808 2180 856 2238 *.
918 2180 1006 2238 Ibi
1065 2181 1248 2258 capita
1317 2179 1747 2257 quatuordecim
1807 2197 1872 2235 ac
1933 2176 2113 2234 dubia

526 2293 775 2340 recenset
808 2302 840 2339 a
875 2283 1028 2359 Rege
1071 2282 1181 2340 sibi
1225 2282 1515 2360 proposita
1558 2280 1833 2357 datasque
1876 2277 2112 2356 singulis

526 2385 915 2462 responsiones
952 2407 963 2440 z
997 2405 1061 2441 ac
1082 2385 1395 2462 praesertim
1418 2383 1564 2441 illud
1590 2391 1760 2461 caput
1791 2379 2058 2459 expendit
2094 2401 2107 2435 ε

535 2510 566 2538 (ε
598 2487 817 2560 Quare„
865 2505 994 2542 cum
1038 2486 1342 2545 Ecclesiam
1379 2506 1569 2544 veram
1605 2496 1720 2543 tam
1765 2494 1948 2558 certa,
1994 2494 2110 2541 tam

527 2587 707 2644 multa
731 2587 1115 2645 demonstrent
1137 2597 1467 2666 argumenta
1485 2633 1499 2660 ,
1534 2597 1618 2645 tot
1647 2588 1901 2665 quotidie
1924 2597 2110 2645 tamen

527 2691 878 2768 reperiantur
922 2689 1177 2748 homines
1221 2708 1336 2746 non
1378 2691 1526 2747 tardi
1550 2735 1564 2762 7
1605 2710 1791 2767 neque
1824 2691 2107 2768 imperiti,

528 2794 624 2870 qui
657 2793 730 2849 ad
760 2812 882 2849 eam
912 2811 1026 2848 non
1059 2791 1358 2863 accedant7
1392 2800 1490 2848 aut
1525 2792 1597 2849 ab
1636 2811 1699 2848 ea
1739 2791 2004 2849 recedant
2031 2791 2108 2848 »Ρ

527 2895 645 2952 Rex
663 2939 678 2968 7
709 2895 903 2951 audito
932 2915 1032 2972 per
1062 2894 1239 2951 otium
1269 2893 1567 2951 Possevino
1585 2938 1599 2966 ,
1636 2893 1742 2951 sibi
1774 2893 1940 2971 plane
1970 2912 2109 2950 con-

529 3006 676 3055 stare
706 2998 778 3054 de
807 2998 1038 3054 veritate
1068 2997 1345 3075 dogmatis
1382 2996 1638 3053 catholici
1680 2997 2006 3073 respondit,
2045 3016 2110 3053 ac

528 3099 683 3156 Fidei
709 3098 1111 3176 professionem
1141 3119 1172 3156 e
1202 3101 1528 3177 praescripta
1558 3100 1693 3158 olim
1722 3119 1822 3177 per
1841 3099 2004 3156 Pium
2032 3099 2105 3156 IV

529 3199 770 3260 formula
799 3202 999 3260 edidit.
1025 3200 1159 3260 Mox
1182 3203 1352 3262 totius
1375 3204 1501 3261 vitae
1533 3213 1761 3282 peccata
1782 3202 2069 3262 confessus
2085 3247 2100 3276 .,
